Date,Ref No.,Type,Payee,Account,Memo,Payment,Deposit,Reconciliation Status,Added in Banking,Balance
09/24/2025,2241,Check,Edward Carter,Kevin Nelson,BI Settlement to Client,"11,481.20",,Reconciled,Manually added,"-11,481.20"
09/17/2025,2240,Check,"Perez, Thompson & Associates",Jerry Patel,Lawyer Fee,"55,053.18",,Reconciled,Manually added,"-66,534.38"
09/17/2025,2239,Check,"Perez, Thompson & Associates",Jerry Patel,CJ Reimbursement,11.32,,Reconciled,Manually added,"-66,545.70"
09/17/2025,2238,Check,Linda Davis,Jerry Patel,Settlement to Client,"56,034.97",,Reconciled,Manually added,"-122,580.67"
09/15/2025,2237,Check,"Perez, Thompson & Associates",Jacob Henry,Lawyer Fee,"8,095.75",,Reconciled,Manually added,"-130,676.42"
09/15/2025,2236,Check,"Perez, Thompson & Associates",Jacob Henry,CJ Reimbursement,11.17,,Reconciled,Manually added,"-130,687.59"
09/15/2025,2235,Check,"Perez, Thompson & Associates",Jacob Henry,Atlantic Health Records Reimbursement,80.43,,Reconciled,Manually added,"-130,768.02"
09/15/2025,2234,Check,"Perez, Thompson & Associates",Charles Romero,Lawyer Fee,"6,058.92",,Reconciled,Manually added,"-136,826.94"
09/15/2025,2233,Check,"Perez, Thompson & Associates",Charles Romero,CJ Reimbursement,11.30,,Reconciled,Manually added,"-136,838.24"
09/15/2025,2232,Check,"Perez, Thompson & Associates",Laura Guzman,Lawyer Fee,"3,555.04",,Reconciled,Manually added,"-140,393.28"
09/15/2025,2231,Check,"Perez, Thompson & Associates",Laura Guzman,CJ Reimbursement,9.22,,Reconciled,Manually added,"-140,402.50"
09/15/2025,2230,Check,"Perez, Thompson & Associates",Rebecca Nguyen,Lawyer Fee,"6,805.67",,Reconciled,Manually added,"-147,208.17"
09/15/2025,2229,Check,"Perez, Thompson & Associates",Rebecca Nguyen,CJ Reimbursement,13.53,,Reconciled,Manually added,"-147,221.70"
09/15/2025,2228,Check,"Perez, Thompson & Associates",Carolyn Stephens,Lawyer Fee,"54,732.62",,Reconciled,Manually added,"-201,954.32"
09/15/2025,2227,Check,"Perez, Thompson & Associates",Carolyn Stephens,Complaint Filing Fee Reimbursement,323.10,,Reconciled,Manually added,"-202,277.42"
09/15/2025,2226,Check,"Perez, Thompson & Associates",Carolyn Stephens,CJ Reimbursement,12.73,,Reconciled,Manually added,"-202,290.15"
09/15/2025,2225,Check,"Perez, Thompson & Associates",Elizabeth Brown,Lawyer Fee,"19,976.45",,Reconciled,Manually added,"-222,266.60"
09/15/2025,2224,Check,"Perez, Thompson & Associates",Elizabeth Brown,CJ Reimbursement,8.28,,Reconciled,Manually added,"-222,274.88"
09/15/2025,2223,Check,"Perez, Thompson & Associates",Elizabeth Brown,Ortho NJ Records Reimbursement,59.34,,Reconciled,Manually added,"-222,334.22"
09/15/2025,2222,Check,"Perez, Thompson & Associates",Brenda Edwards,Lawyer Fee,"1,803.93",,Reconciled,Manually added,"-224,138.15"
09/15/2025,2221,Check,"Perez, Thompson & Associates",Brenda Edwards,CJ Reimbursement,8.91,,Reconciled,Manually added,"-224,147.06"
09/15/2025,,Deposit,Mendoza Corporation,Ryan Collins,,,"11,629.18",Reconciled,,"-212,517.88"
09/15/2025,,Deposit,Mendoza Corporation,Edward Green,,,"8,771.73",Reconciled,,"-203,746.15"
09/15/2025,,Deposit,Christopher Henderson,David Ryan,,,"17,558.22",Reconciled,,"-186,187.93"
09/15/2025,,Deposit,Amy Parker,Steven Taylor,,,"27,639.39",Reconciled,,"-158,548.54"
09/15/2025,,Deposit,Jonathan Evans,Jerry Gray,,,"25,909.79",Reconciled,,"-132,638.75"
09/15/2025,,Deposit,Thompson Insurance Group,Kevin Nelson,,,"27,316.85",Reconciled,,"-105,321.90"
09/15/2025,,Deposit,John Jones,Ryan Collins,,,"65,276.17",Reconciled,,"-40,045.73"
09/15/2025,,Deposit,Thompson Insurance Group,Jerry Patel,,,"116,443.80",Reconciled,,"76,398.07"
09/10/2025,2220,Check,Andrew Medina,Carolyn Stephens,Release of Escrow Funds,"2,850.97",,Reconciled,Manually added,"73,547.10"
08/28/2025,2219,Check,Andrew Medina,Carolyn Stephens,Settlement to Client,"74,116.71",,Reconciled,Manually added,-569.61
08/28/2025,2218,Check,Debra Rice,Brenda Edwards,Settlement to Client,"4,971.74",,Cleared,Manually added,"-5,541.35"
08/28/2025,2217,Check,Kathleen Rivera,Elizabeth Brown,Settlement to Client,"20,772.29",,Reconciled,Manually added,"-26,313.64"
08/27/2025,2216,Check,Betty Sanchez,Laura Guzman,Settlement to Client,"6,666.23",,Reconciled,Manually added,"-32,979.87"
08/27/2025,2215,Check,Shirley Roberts,Charles Romero,Settlement to Client,"15,769.33",,Reconciled,Manually added,"-48,749.20"
08/27/2025,2214,Check,Sarah Simmons,Rebecca Nguyen,Settlement to Client,"18,868.43",,Reconciled,Manually added,"-67,617.63"
08/27/2025,,Deposit,Christopher Henderson,Brenda Edwards,,,"5,566.07",Reconciled,,"-62,051.56"
08/27/2025,,Deposit,Amy Parker,Dorothy Aguilar,,,"24,435.82",Reconciled,,"-37,615.74"
08/27/2025,,Deposit,Anthony Romero,Raymond Warren,,,"17,836.30",Reconciled,,"-19,779.44"
08/27/2025,,Deposit,Christopher Henderson,Dennis Castillo,,,"26,004.58",Reconciled,,"6,225.14"
08/27/2025,,Deposit,Bryant Insurance Group,Stephen Peterson,,,"61,319.95",Reconciled,,"67,545.09"
08/27/2025,,Deposit,Harris Insurance Company,Elizabeth Brown,,,"70,533.61",Reconciled,,"138,078.70"
08/14/2025,2213,Check,Roberts Solutions Inc,Sandra Robinson,Full & Final HMS Lien Payment,139.62,,Reconciled,Manually added,"137,939.08"
08/14/2025,2212,Check,Patterson Services LLC,Sandra Robinson,Full & Final Medical Bill Payment,155.13,,Reconciled,Manually added,"137,783.95"
08/14/2025,2211,Check,Gonzalez Services LLC,Sandra Robinson,Full & Final Medical Bill Payment,296.46,,Reconciled,Manually added,"137,487.49"
08/14/2025,2210,Check,Sarah Moore,Sandra Robinson,Full & Final Medical Bill Payment,585.11,,Reconciled,Manually added,"136,902.38"
08/14/2025,2209,Check,Roberts Solutions Inc,George Campbell,Full & Final HMS Lien Payment,546.13,,Reconciled,Manually added,"136,356.25"
08/14/2025,2208,Check,Joshua Stevens,George Campbell,Full & Final Medical Bill Payment,539.79,,Reconciled,Manually added,"135,816.46"
08/14/2025,2207,Check,Cruz Medical Group,John Dunn,Full & Final Medical Bill Payment,129.11,,Reconciled,Manually added,"135,687.35"
08/14/2025,2206,Check,Emma Richardson,John Dunn,Full & Final CMS Lien Payment,113.64,,Reconciled,Manually added,"135,573.71"
08/14/2025,2205,Check,Roberts Solutions Inc,John Dunn,Full & Final HMS Lien Payment,"1,165.80",,Reconciled,Manually added,"134,407.91"
08/14/2025,2204,Check,Patterson Services LLC,John Dunn,Full & Final Medical Bill Payment,312.17,,Reconciled,Manually added,"134,095.74"
08/14/2025,2203,Check,Russell Corporation,John Dunn,Full & Final Medical Bill Payment,268.25,,Reconciled,Manually added,"133,827.49"
08/14/2025,2202,Check,Joseph Gonzales,John Dunn,Full & Final Medical Bill Payment,200.64,,Reconciled,Manually added,"133,626.85"
08/14/2025,2200,Check,Roberts Solutions Inc,Ronald Gomez,Full & Final HMS Lien Payment,113.62,,Reconciled,Manually added,"133,513.23"
08/14/2025,2199,Check,Cruz Medical Group,Ronald Gomez,Full & Final Medical Bill Payment,"1,130.73",,Reconciled,Manually added,"132,382.50"
08/14/2025,2198,Check,Moreno Corporation,Donna Aguilar,Full & Final Medical Bill Payment,61.99,,Reconciled,Manually added,"132,320.51"
08/14/2025,2197,Check,Bennett Solutions Inc,Donna Aguilar,Full & Final Medical Bill Payment,35.65,,Cleared,Manually added,"132,284.86"
08/14/2025,2196,Check,Russell Corporation,Donna Aguilar,Full & Final Medical Bill Payment,333.70,,Reconciled,Manually added,"131,951.16"
08/14/2025,2195,Check,Stephanie Vargas,Mark Lee,Full & Final Medical Bill Payment,337.38,,Reconciled,Manually added,"131,613.78"
08/14/2025,2194,Check,Rivera Solutions Inc,Mark Lee,Full & Final Medical Bill Payment,"1,020.20",,Reconciled,Manually added,"130,593.58"
08/14/2025,2193,Check,Lewis Services LLC,Mark Lee,Full & Final Medical Bill Payment,143.52,,Cleared,Manually added,"130,450.06"
08/14/2025,2192,Check,Michelle Young,Jacob Henry,Settlement to Client,"17,940.69",,Reconciled,Manually added,"112,509.37"
07/24/2025,2191,Check,"Perez, Thompson & Associates",Gary Freeman,Lawyer Fee,"12,265.19",,Reconciled,Manually added,"100,244.18"
07/24/2025,2190,Check,"Perez, Thompson & Associates",Gary Freeman,CJ Reimbursement,15.07,,Reconciled,Manually added,"100,229.11"
07/24/2025,2189,Check,"Perez, Thompson & Associates",Gary Freeman,Igea Records Reimb.,40.58,,Reconciled,Manually added,"100,188.53"
07/24/2025,2188,Check,"Perez, Thompson & Associates",Gary Freeman,Ciox Health Reimb.,92.28,,Reconciled,Manually added,"100,096.25"
07/24/2025,2184,Check,Catherine Alvarez,Sandra Robinson,Settlement to Client,"17,503.64",,Reconciled,Manually added,"82,592.61"
07/24/2025,2183,Check,"Perez, Thompson & Associates",Sandra Robinson,Lawyer Fee,"6,397.69",,Reconciled,Manually added,"76,194.92"
07/24/2025,2182,Check,"Perez, Thompson & Associates",Sandra Robinson,CJ Reimbursement,7.72,,Reconciled,Manually added,"76,187.20"
07/24/2025,2179,Check,"Perez, Thompson & Associates",Sandra Robinson,Service of Process Reimb.,157.39,,Reconciled,Manually added,"76,029.81"
07/24/2025,2178,Check,"Perez, Thompson & Associates",Sandra Robinson,Complaint Filing Fee Reimb.,304.59,,Reconciled,Manually added,"75,725.22"
07/24/2025,2177,Check,"Perez, Thompson & Associates",Sandra Robinson,DMV Search Reimb.,18.55,,Reconciled,Manually added,"75,706.67"
07/24/2025,2176,Check,Pamela Ortiz,George Campbell,Settlement to Client,"22,955.55",,Reconciled,Manually added,"52,751.12"
07/24/2025,2175,Check,"Perez, Thompson & Associates",George Campbell,Lawyer Fee,"9,534.15",,Reconciled,Manually added,"43,216.97"
07/24/2025,2174,Check,"Perez, Thompson & Associates",George Campbell,CJ Reimbursement,11.45,,Reconciled,Manually added,"43,205.52"
07/24/2025,2173,Check,George Hill,John Dunn,Settlement to Client,"84,919.68",,Reconciled,Manually added,"-41,714.16"
07/24/2025,2172,Check,"Perez, Thompson & Associates",John Dunn,Lawyer Fee,"42,382.64",,Reconciled,Manually added,"-84,096.80"
07/24/2025,2171,Check,"Perez, Thompson & Associates",John Dunn,Jag One Records Reimb.,55.05,,Reconciled,Manually added,"-84,151.85"
07/24/2025,2170,Check,"Perez, Thompson & Associates",John Dunn,Hospital Records Reimb.,47.07,,Reconciled,Manually added,"-84,198.92"
07/24/2025,2169,Check,"Perez, Thompson & Associates",John Dunn,CJ Reimbursement,12.52,,Reconciled,Manually added,"-84,211.44"
07/24/2025,2168,Check,Daniel Gonzales,Daniel Gonzales,Settlement to Client,"77,911.77",,Reconciled,Manually added,"-162,123.21"
07/24/2025,2167,Check,"Perez, Thompson & Associates",Ronald Gomez,Lawyer Fee,"14,531.10",,Reconciled,Manually added,"-176,654.31"
07/24/2025,2166,Check,"Perez, Thompson & Associates",Ronald Gomez,Jag One Records Reimb.,54.89,,Reconciled,Manually added,"-176,709.20"
07/24/2025,2165,Check,"Perez, Thompson & Associates",Ronald Gomez,Healthmark Records Reimb.,57.55,,Reconciled,Manually added,"-176,766.75"
07/24/2025,2164,Check,"Perez, Thompson & Associates",Ronald Gomez,CJ Reimbursement,9.82,,Reconciled,Manually added,"-176,776.57"
07/23/2025,2163,Check,Susan Kelley,Gary Freeman,Settlement to Client,"20,069.25",,Reconciled,Manually added,"-196,845.82"
07/09/2025,Reverse Check #2101,Journal,,,Reverse Check #2101,,"8,025.58",Reconciled,,"-188,820.24"
07/09/2025,2162,Check,Michelle Flores,Charles Jackson,Settlement to Client,"7,067.20",,Reconciled,Manually added,"-195,887.44"
07/09/2025,2161,Check,"Perez, Thompson & Associates",Charles Jackson,Lawyer Fee,"6,613.18",,Reconciled,Manually added,"-202,500.62"
07/09/2025,2160,Check,"Perez, Thompson & Associates",Charles Jackson,JCMC Bill Reimbursement,38.78,,Reconciled,Manually added,"-202,539.40"
07/09/2025,2159,Check,"Perez, Thompson & Associates",Charles Jackson,JCMC Records Reimbursement,47.73,,Reconciled,Manually added,"-202,587.13"
07/09/2025,2158,Check,"Perez, Thompson & Associates",Charles Jackson,CJ Reimbursement,11.78,,Reconciled,Manually added,"-202,598.91"
07/09/2025,2157,Check,Mary Gardner,Linda Hawkins,Settlement to Client,"42,964.56",,Reconciled,Manually added,"-245,563.47"
07/09/2025,2156,Check,"Perez, Thompson & Associates",Linda Hawkins,Lawyer Fee,"14,978.51",,Reconciled,Manually added,"-260,541.98"
07/09/2025,2155,Check,"Perez, Thompson & Associates",Linda Hawkins,CJ Reimbursement,13.76,,Reconciled,Manually added,"-260,555.74"
07/09/2025,2154,Check,Christopher Jones,Jeffrey Cruz,Settlement to Client,"30,262.85",,Reconciled,Manually added,"-290,818.59"
07/09/2025,2153,Check,"Perez, Thompson & Associates",Jeffrey Cruz,Lawyer Fee,"17,068.51",,Reconciled,Manually added,"-307,887.10"
07/09/2025,2152,Check,"Perez, Thompson & Associates",Jeffrey Cruz,CJ Reimbursement,7.46,,Reconciled,Manually added,"-307,894.56"
07/09/2025,2151,Check,"Perez, Thompson & Associates",Jeffrey Cruz,Service of Process Reimbursement,55.78,,Reconciled,Manually added,"-307,950.34"
07/09/2025,2150,Check,"Perez, Thompson & Associates",Jeffrey Cruz,Complaint Filing Fee Reimbursement,211.73,,Reconciled,Manually added,"-308,162.07"
07/09/2025,2149,Check,"Perez, Thompson & Associates",Cynthia Crawford,Lawyer Fee,"124,371.14",,Reconciled,Manually added,"-432,533.21"
07/09/2025,2148,Check,"Perez, Thompson & Associates",Cynthia Crawford,CJ Reimbursement,14.73,,Reconciled,Manually added,"-432,547.94"
07/09/2025,2147,Check,"Perez, Thompson & Associates",Cynthia Crawford,USPS Demand Reimbursement,54.09,,Reconciled,Manually added,"-432,602.03"
07/09/2025,2145,Check,"Perez, Thompson & Associates",Cynthia Crawford,Records Reimbursement,45.54,,Reconciled,Manually added,"-432,647.57"
07/09/2025,2144,Check,"Perez, Thompson & Associates",Jonathan Stewart,Lawyer Fee,"8,781.21",,Reconciled,Manually added,"-441,428.78"
07/09/2025,2143,Check,"Perez, Thompson & Associates",Jonathan Stewart,CJ Reimbursement,13.00,,Reconciled,Manually added,"-441,441.78"
07/09/2025,2142,Check,"Perez, Thompson & Associates",Jonathan Stewart,Records Reimbursement,44.32,,Reconciled,Manually added,"-441,486.10"
07/09/2025,2141,Check,Betty Simmons,Donna Aguilar,Settlement to Client,"16,188.55",,Reconciled,Manually added,"-457,674.65"
07/09/2025,2140,Check,"Perez, Thompson & Associates",Donna Aguilar,Lawyer Fee,"9,257.96",,Reconciled,Manually added,"-466,932.61"
07/09/2025,2139,Check,"Perez, Thompson & Associates",Donna Aguilar,CJ Reimbursement,8.41,,Reconciled,Manually added,"-466,941.02"
07/09/2025,2138,Check,"Perez, Thompson & Associates",Donna Aguilar,Crash Report Reimbursement,15.40,,Reconciled,Manually added,"-466,956.42"
07/09/2025,2137,Check,Larry Cruz,Mark Lee,Settlement to Client,"12,222.40",,Reconciled,Manually added,"-479,178.82"
07/09/2025,2136,Check,"Perez, Thompson & Associates",Mark Lee,Lawyer Fee,"6,665.06",,Reconciled,Manually added,"-485,843.88"
07/09/2025,2135,Check,"Perez, Thompson & Associates",Mark Lee,CJ Reimbursement,12.66,,Reconciled,Manually added,"-485,856.54"
07/09/2025,2134,Check,"Perez, Thompson & Associates",Mark Lee,Policy Search Reimbursement,22.53,,Reconciled,Manually added,"-485,879.07"
07/09/2025,2133,Check,"Perez, Thompson & Associates",Patrick Gray,Lawyer Fee,"15,141.75",,Reconciled,Manually added,"-501,020.82"
07/09/2025,2132,Check,"Perez, Thompson & Associates",Patrick Gray,Records Reimbursement,68.13,,Reconciled,Manually added,"-501,088.95"
07/09/2025,2131,Check,"Perez, Thompson & Associates",Patrick Gray,CJ Reimbursement,9.02,,Reconciled,Manually added,"-501,097.97"
07/09/2025,2130,Check,Gary Morales,Alexander Watson,Settlement to Client,"155,277.03",,Reconciled,Manually added,"-656,375.00"
07/09/2025,2129,Check,"Perez, Thompson & Associates",Alexander Watson,Lawyer Fee,"64,834.06",,Reconciled,Manually added,"-721,209.06"
07/09/2025,2128,Check,"Perez, Thompson & Associates",Alexander Watson,CJ Reimbursement,10.65,,Reconciled,Manually added,"-721,219.71"
07/09/2025,2127,Check,Matthew Taylor,Steven Reynolds,Settlement to Client,"5,477.82",,Reconciled,Manually added,"-726,697.53"
07/09/2025,2126,Check,Andrew West,Jonathan Stewart,Settlement to Client,"15,693.15",,Reconciled,Manually added,"-742,390.68"
07/08/2025,,Deposit,Jonathan Evans,Laura Guzman,,,"10,354.33",Reconciled,,"-732,036.35"
07/08/2025,,Deposit,Gutierrez Insurance Company,Jacob Henry,,,"28,483.97",Reconciled,,"-703,552.38"
07/08/2025,,Deposit,Amy Parker,Margaret Jordan,,,"32,174.36",Reconciled,,"-671,378.02"
07/08/2025,,Deposit,Amy Parker,Griffin Solutions Inc,,,"23,952.86",Reconciled,,"-647,425.16"
07/08/2025,,Deposit,Jones Insurance Group,Mark Lee,,,"41,601.34",Reconciled,,"-605,823.82"
07/08/2025,,Deposit,Torres Insurance Company,Donna Aguilar,,,"43,419.83",Reconciled,,"-562,403.99"
07/08/2025,,Deposit,Thompson Insurance Group,Carolyn Stephens,,,"139,714.38",Reconciled,,"-422,689.61"
06/27/2025,2124,Check,Brenda Mendez,Patrick Gray,Settlement to Client,"26,696.25",,Reconciled,Manually added,"-449,385.86"
06/27/2025,2123,Check,Roberts Solutions Inc,Patrick Gray,Full & Final HMS Lien Payment,816.29,,Reconciled,Manually added,"-450,202.15"
06/27/2025,2122,Check,Brooks Solutions Inc,Patrick Gray,Full & Final Medical Bill Payment,70.83,,Reconciled,Manually added,"-450,272.98"
06/27/2025,2121,Check,Rodriguez Services LLC,Patrick Gray,Full & Final Medical Bill Payment,253.87,,Reconciled,Manually added,"-450,526.85"
06/27/2025,2120,Check,Hughes Solutions Inc,Patrick Gray,Full & Final Medical Bill Payment,714.13,,Reconciled,Manually added,"-451,240.98"
06/27/2025,2119,Check,Jason Campbell,Patrick Gray,Voided - Full & Final Medical Bill Payment,790.60,,Reconciled,Manually matched,"-452,031.58"
06/23/2025,Reverse Check #1993,Journal,,,Reverse Check #1993,,"2,322.80",Reconciled,,"-449,708.78"
06/23/2025,2118,Check,Roberts Solutions Inc,Helen Morris,Full & Final HMS Lien Payment,785.68,,Reconciled,Manually added,"-450,494.46"
06/23/2025,2117,Check,James Insurance Company,Helen Morris,Full & Final WC Lien Payment,"13,246.36",,Reconciled,Manually added,"-463,740.82"
06/23/2025,2116,Check,William Foster,Margaret Lopez,Release of Escrow Funds,"1,528.96",,Reconciled,Manually added,"-465,269.78"
06/13/2025,2115,Check,Jessica Hawkins,Cynthia Crawford,Settlement to Client DOA 5/25/2023,"91,037.46",,Reconciled,Manually added,"-556,307.24"
06/11/2025,,Deposit,Amy Parker,Ronald Gomez,,,"16,166.53",Reconciled,,"-540,140.71"
06/11/2025,,Deposit,Torres Insurance Company,Ronald Gomez,,,"55,835.71",Reconciled,,"-484,305.00"
06/11/2025,,Deposit,Torres Insurance Company,John Dunn,,,"80,383.63",Reconciled,,"-403,921.37"
06/11/2025,,Deposit,Stephen Diaz,Cynthia Crawford,,,"361,494.47",Reconciled,,"-42,426.90"
06/05/2025,2113,Check,James Schmidt,Nicholas Cruz,Full & Final Medical Bill Payment,"1,724.18",,Reconciled,Manually added,"-44,151.08"
05/29/2025,2114,Check,Katherine Wood,Nicholas Cruz,Release of Escrow Funds,"31,329.21",,Reconciled,Manually added,"-75,480.29"
05/29/2025,2112,Check,Jason Campbell,Nicholas Cruz,Full & Final Medical Bill Payment,"1,422.93",,Reconciled,Manually added,"-76,903.22"
05/29/2025,2111,Check,The Vasquez Law Group,Nicholas Cruz,Full & Final Loans Payments (Both loans),"53,089.43",,Reconciled,Manually added,"-129,992.65"
05/29/2025,2110,Check,Roberts Solutions Inc,Nicholas Cruz,Full & Final HMS Lien Payment,"2,200.23",,Reconciled,Manually added,"-132,192.88"
05/29/2025,2109,Check,Reynolds Medical Group,Nicholas Cruz,Full & Final Medical Bill Payment,949.29,,Reconciled,Manually added,"-133,142.17"
05/29/2025,2108,Check,Russell Corporation,Nicholas Cruz,Full & Final Medical Bill Payment,196.48,,Reconciled,Manually added,"-133,338.65"
05/29/2025,2107,Check,Richard Henderson,Nicholas Cruz,Full & Final Medical Bill Payment,969.94,,Reconciled,Manually added,"-134,308.59"
05/29/2025,2106,Check,Shirley Rogers,Nicholas Cruz,Full & Final Medical Bill Payment,"4,224.85",,Reconciled,Manually added,"-138,533.44"
05/29/2025,2105,Check,Sanchez Solutions Inc,Nicholas Cruz,Full & Final Medical Bill Payment,"6,917.86",,Reconciled,Manually added,"-145,451.30"
05/29/2025,2104,Check,Price Company,Nicholas Cruz,Full & Final Medical Bill Payment,"43,744.70",,Reconciled,Manually added,"-189,196.00"
05/28/2025,2103,Check,"Perez, Thompson & Associates",Steven Reynolds,CJ Reimbursement,12.05,,Reconciled,Manually added,"-189,208.05"
05/28/2025,2102,Check,"Perez, Thompson & Associates",Steven Reynolds,Lawyyer Fee,"3,325.47",,Reconciled,Manually added,"-192,533.52"
05/28/2025,2101,Check,Matthew Taylor,Steven Reynolds,Settlement to Client,"8,963.68",,Reconciled,Manually added,"-201,497.20"
05/28/2025,2100,Check,Carolyn Mills,Richard Dunn,Settlement to Client,"20,033.17",,Reconciled,Manually added,"-221,530.37"
05/28/2025,2099,Check,William Williams,Steven Reynolds,Full & Final Medical Bill Payment,"1,424.90",,Reconciled,Manually added,"-222,955.27"
05/28/2025,2098,Check,Joseph Gonzales,Steven Reynolds,Full & Final Medical Bill Payment,"2,210.81",,Reconciled,Manually added,"-225,166.08"
05/28/2025,2097,Check,Mitchell Corporation,Donna Robinson,Full & Final Medical Bill Payment,355.48,,Reconciled,Manually added,"-225,521.56"
05/28/2025,2096,Check,Rachel Hughes,Donna Robinson,Full & Final Medical Bill Payment,697.90,,Reconciled,Manually added,"-226,219.46"
05/28/2025,2095,Check,Roberts Solutions Inc,Donna Robinson,Full & Final Medical Bill Payment,"1,228.12",,Reconciled,Manually added,"-227,447.58"
05/28/2025,2094,Check,Thomas Corporation,Donna Robinson,Full & Final Medical Bill Payment,677.38,,Reconciled,Manually added,"-228,124.96"
05/28/2025,2093,Check,Steven Herrera,Richard Dunn,Full & Final Medical Bill Payment,"1,449.93",,Reconciled,Manually added,"-229,574.89"
05/28/2025,2092,Check,Steven Herrera,Richard Dunn,Full & Final Medical Bill Payment,346.47,,Reconciled,Manually added,"-229,921.36"
05/28/2025,2091,Check,Rogers Solutions Inc,Richard Dunn,Full & Final Medical Bill Payment,145.66,,Reconciled,Manually added,"-230,067.02"
05/22/2025,2090,Check,"Perez, Thompson & Associates",Helen Morris,Lawyer Fee,"7,480.68",,Reconciled,Manually added,"-237,547.70"
05/22/2025,2089,Check,"Perez, Thompson & Associates",Helen Morris,CJ Reimbursement,9.82,,Reconciled,Manually added,"-237,557.52"
05/22/2025,2088,Check,"Perez, Thompson & Associates",Richard Dunn,Lawyer Fee,"14,627.29",,Reconciled,Manually added,"-252,184.81"
05/22/2025,2087,Check,"Perez, Thompson & Associates",Richard Dunn,Service of Process Reimbursement,159.80,,Reconciled,Manually added,"-252,344.61"
05/22/2025,2086,Check,"Perez, Thompson & Associates",Richard Dunn,Complaint Filing Fee Reimbursement,267.24,,Reconciled,Manually added,"-252,611.85"
05/22/2025,2085,Check,"Perez, Thompson & Associates",Richard Dunn,CJ Reimbursement,15.38,,Reconciled,Manually added,"-252,627.23"
05/21/2025,,Deposit,Mendoza Corporation,Alexander Watson,,,"249,788.56",Reconciled,,"-2,838.67"
05/21/2025,,Deposit,Anthony Romero,Alexander Watson,,,"34,969.53",Reconciled,,"32,130.86"
05/21/2025,,Deposit,Wallace Mutual Insurance,Linda Hawkins,,,"41,959.87",Reconciled,,"74,090.73"
05/21/2025,,Deposit,Richardson Insurance Group,Richard Dunn,,,"41,379.93",Reconciled,,"115,470.66"
05/21/2025,,Deposit,,Brandon Robertson,,,"33,940.02",Reconciled,,"149,410.68"
05/21/2025,,Deposit,Jonathan Evans,Sandra Robinson,,,"12,515.83",Reconciled,,"161,926.51"
05/15/2025,2083,Check,Amy Webb,Helen Morris,Settlement to Client,"4,762.64",,Reconciled,Manually added,"157,163.87"
05/13/2025,2082,Check,Nicholas Tucker,Richard Jones,Settlement to Client,"22,376.12",,Reconciled,Manually added,"134,787.75"
05/13/2025,2081,Check,Roberts Solutions Inc,Margaret Martin,Full & Final HMS Lien Payment,581.11,,Reconciled,Manually added,"134,206.64"
05/13/2025,2080,Check,Joseph Gonzales,Margaret Martin,Full & Final Medical Bill Payment,"11,185.09",,Reconciled,Manually added,"123,021.55"
05/13/2025,2079,Check,Madison Clinic,Robert Payne,Full & Final Medical Bill Payment,321.30,,Reconciled,Manually added,"122,700.25"
05/13/2025,2078,Check,Christine Bennett,Robert Payne,Full & Final Healthcare Lin,"1,180.45",,Reconciled,Manually added,"121,519.80"
05/13/2025,2077,Check,Roberts Solutions Inc,Richard Jones,Full & Final Medical HMS Lien Payment,134.78,,Reconciled,Manually added,"121,385.02"
05/13/2025,2076,Check,Castillo Services LLC,Richard Jones,Full & Final Medical Bill Payment,531.68,,Reconciled,Manually added,"120,853.34"
05/13/2025,2075,Check,Emily Scott,Richard Jones,Full & Final Medical Bill Payment,93.47,,Reconciled,Manually added,"120,759.87"
05/13/2025,2074,Check,Joseph Gonzales,Richard Jones,Full & Final Medical Bill Payment,"4,317.00",,Reconciled,Manually added,"116,442.87"
05/13/2025,2073,Check,Amanda Owens,Richard Jones,Full & Final Medical Bill Payment,"2,322.22",,Cleared,Manually added,"114,120.65"
05/12/2025,2072,Check,"Perez, Thompson & Associates",Richard Jones,CJ Reimbursement,9.47,,Reconciled,Manually added,"114,111.18"
05/12/2025,2071,Check,"Perez, Thompson & Associates",Richard Jones,Lawyer Fee,"17,238.18",,Reconciled,Manually added,"96,873.00"
05/12/2025,2069,Check,"Perez, Thompson & Associates",Margaret Martin,CJ Reimbursement,12.32,,Reconciled,Manually added,"96,860.68"
05/12/2025,2068,Check,"Perez, Thompson & Associates",Margaret Martin,Lawyer Fee,"12,152.33",,Reconciled,Manually added,"84,708.35"
05/12/2025,2067,Check,Justin Holmes,Margaret Martin,Settlement to Client,"15,018.52",,Reconciled,Manually added,"69,689.83"
05/12/2025,2066,Check,"Perez, Thompson & Associates",Robert Payne,CJ Reimbursement,10.29,,Reconciled,Manually added,"69,679.54"
05/12/2025,2065,Check,"Perez, Thompson & Associates",Robert Payne,Lawyer Fee,"4,589.58",,Reconciled,Manually added,"65,089.96"
05/12/2025,2064,Check,Janet Rice,Robert Payne,Settlement to Client,"11,100.89",,Reconciled,Manually added,"53,989.07"
05/08/2025,2063,Check,Kimberly Moore,Emily Ramirez,Full & Final Medical Bill Payment,42.83,,Reconciled,Manually added,"53,946.24"
05/08/2025,2062,Check,Stephen Dixon,Emily Ramirez,Full & Final Medical Bill Payment,68.66,,Reconciled,Manually added,"53,877.58"
05/08/2025,2061,Check,"Perez, Thompson & Associates",Emily Ramirez,CJ Reimbursement,13.92,,Reconciled,Manually added,"53,863.66"
05/08/2025,2060,Check,"Perez, Thompson & Associates",Emily Ramirez,Atlantic PT Records Reimbursement,34.76,,Reconciled,Manually added,"53,828.90"
05/08/2025,2059,Check,"Perez, Thompson & Associates",Emily Ramirez,University Radiology Records Reimbursement,50.51,,Reconciled,Manually added,"53,778.39"
05/08/2025,2058,Check,"Perez, Thompson & Associates",Emily Ramirez,Lawyer Fee,"5,593.01",,Reconciled,Manually added,"48,185.38"
05/08/2025,2057,Check,"Perez, Thompson & Associates",Deborah Castro,JCMC Med Records Reimbursement,99.01,,Reconciled,Manually added,"48,086.37"
05/08/2025,2056,Check,"Perez, Thompson & Associates",Deborah Castro,CJ Reimbursement,6.67,,Reconciled,Manually added,"48,079.70"
05/08/2025,2055,Check,"Perez, Thompson & Associates",Deborah Castro,Lawyer Fee,"92,346.19",,Reconciled,Manually added,"-44,266.49"
05/08/2025,2054,Check,Miller Company,Barbara Johnson,Full & Final Medical Bill Payment,614.78,,Reconciled,Manually added,"-44,881.27"
05/08/2025,2053,Check,Christine Bennett,Barbara Johnson,Full & Final Healthcare Lien Payment,"5,509.20",,Reconciled,Manually added,"-50,390.47"
05/08/2025,2052,Expense,Sharon Mitchell,Barbara Johnson,Full & Final Medical Bill Payment,"1,401.82",,Reconciled,Manually added,"-51,792.29"
05/07/2025,2051,Check,Dennis James,Emily Ramirez,Settlement to Client,"22,399.40",,Reconciled,Manually added,"-74,191.69"
05/07/2025,2050,Check,Angela Reyes,Deborah Castro,Settlement to Client,"129,204.47",,Reconciled,Manually added,"-203,396.16"
05/06/2025,,Deposit,Jonathan Evans,Deborah Castro,,,"337,593.11",Reconciled,,"134,196.95"
05/06/2025,,Deposit,Harris Insurance Company,Margaret Martin,,,"55,636.25",Reconciled,,"189,833.20"
05/06/2025,,Deposit,Amy Parker,Richard Jones,,,"27,109.62",Reconciled,,"216,942.82"
05/06/2025,,Deposit,Anthony Romero,Richard Jones,,,"26,586.28",Reconciled,,"243,529.10"
05/06/2025,,Deposit,Amy Parker,John Dunn,,,"23,030.78",Reconciled,,"266,559.88"
05/06/2025,,Deposit,Amy Parker,Emily Ramirez,,,"22,936.59",Reconciled,,"289,496.47"
05/06/2025,,Deposit,Lee Mutual Insurance,Helen Morris,,,"28,668.10",Reconciled,,"318,164.57"
05/06/2025,,Deposit,Clark Mutual Insurance,Steven Reynolds,,,"14,889.95",Reconciled,,"333,054.52"
05/05/2025,2049,Check,"Perez, Thompson & Associates",Debra Boyd,CJ Reimbursement,12.34,,Reconciled,Manually added,"333,042.18"
05/05/2025,2048,Check,"Perez, Thompson & Associates",Debra Boyd,Lawyer Fee,"38,315.50",,Reconciled,Manually added,"294,726.68"
05/05/2025,2047,Check,Janet Mendoza,Debra Boyd,Settlement to Client,"63,263.50",,Reconciled,Manually added,"231,463.18"
04/25/2025,2046,Check,"Perez, Thompson & Associates",Elizabeth Lopez,Lawyer Fee,"5,932.80",,Reconciled,Manually added,"225,530.38"
04/25/2025,2045,Check,"Perez, Thompson & Associates",Elizabeth Lopez,CJ Reimbursement,11.83,,Reconciled,Manually added,"225,518.55"
04/25/2025,2044,Check,Kathleen Chen,Elizabeth Lopez,Settlement to Client,"16,104.73",,Reconciled,Manually added,"209,413.82"
04/23/2025,2043,Check,"Perez, Thompson & Associates",Barbara Johnson,Lawyer Fee,"7,339.30",,Reconciled,Manually added,"202,074.52"
04/23/2025,2042,Check,"Perez, Thompson & Associates",Barbara Johnson,CJ Reimbursement,13.62,,Reconciled,Manually added,"202,060.90"
04/23/2025,2041,Check,"Perez, Thompson & Associates",Donna Robinson,Lawyer Fee,"8,027.13",,Reconciled,Manually added,"194,033.77"
04/23/2025,2040,Check,"Perez, Thompson & Associates",Donna Robinson,CJ Reimbursement,7.75,,Reconciled,Manually added,"194,026.02"
04/23/2025,2039,Check,"Perez, Thompson & Associates",Nicholas Cruz,Lawyer Fee,"120,057.72",,Reconciled,Manually added,"73,968.30"
04/23/2025,2038,Check,"Perez, Thompson & Associates",Nicholas Cruz,Complaint Filing Fee Reimbursement,209.11,,Reconciled,Manually added,"73,759.19"
04/23/2025,2037,Check,"Perez, Thompson & Associates",Nicholas Cruz,Service of Process Reimbursement,95.20,,Reconciled,Manually added,"73,663.99"
04/23/2025,2036,Check,"Perez, Thompson & Associates",Nicholas Cruz,CJ Reimbursement,8.08,,Reconciled,Manually added,"73,655.91"
04/23/2025,2035,Check,"Perez, Thompson & Associates",Daniel Anderson,Lawyer Fee,"6,153.46",,Reconciled,Manually added,"67,502.45"
04/23/2025,2034,Check,"Perez, Thompson & Associates",Daniel Anderson,CJ Reimbursement,10.96,,Reconciled,Manually added,"67,491.49"
04/15/2025,2033,Check,Michael Patel,Barbara Johnson,Settlement to Client DOA 6/28/2023,"8,986.03",,Reconciled,Manually added,"58,505.46"
04/15/2025,2032,Check,Timothy Hall,Daniel Anderson,Settlement to Client DOA 9/27/2023,"15,582.82",,Reconciled,Manually added,"42,922.64"
04/15/2025,2031,Check,Lisa White,Donna Robinson,Settlement to Client DOA 1/12/2023,"11,632.94",,Reconciled,Manually added,"31,289.70"
04/10/2025,2030,Check,Katherine Wood,Nicholas Cruz,Settlement to Client,"214,742.97",,Reconciled,Manually added,"-183,453.27"
04/08/2025,2029,Check,Janet Myers,Richard Gonzalez,Full & Final WC Lien Payment,"30,103.70",,Reconciled,Manually added,"-213,556.97"
04/08/2025,2028,Check,Roberts Solutions Inc,Richard Gonzalez,Full & Final HMS Lien Payment,96.93,,Reconciled,Manually added,"-213,653.90"
04/07/2025,2027,Check,"Perez, Thompson & Associates",Shirley Guzman,CJ Reimbursement,15.54,,Reconciled,Manually added,"-213,669.44"
04/07/2025,2026,Check,"Perez, Thompson & Associates",Shirley Guzman,Lawyer Fee,"3,276.06",,Reconciled,Manually added,"-216,945.50"
04/07/2025,2025,Check,"Perez, Thompson & Associates",Kathleen Simpson,CJ Reimbursement,8.55,,Reconciled,Manually added,"-216,954.05"
04/07/2025,2024,Check,"Perez, Thompson & Associates",Kathleen Simpson,Lawyer Fee,"8,704.19",,Reconciled,Manually added,"-225,658.24"
04/07/2025,2023,Check,"Perez, Thompson & Associates",Angela Phillips,CJ Reimbursement,11.15,,Reconciled,Manually added,"-225,669.39"
04/07/2025,2022,Check,"Perez, Thompson & Associates",Angela Phillips,Lawyer Fee,"3,551.17",,Reconciled,Manually added,"-229,220.56"
04/07/2025,2021,Check,"Perez, Thompson & Associates",Justin Gutierrez,CJ Reimbursement,11.22,,Reconciled,Manually added,"-229,231.78"
04/07/2025,2020,Check,"Perez, Thompson & Associates",Justin Gutierrez,Lawyer Fee,"7,910.63",,Reconciled,Manually added,"-237,142.41"
04/07/2025,2019,Check,"Perez, Thompson & Associates",Deborah King,CJ Reimbursement,11.86,,Reconciled,Manually added,"-237,154.27"
04/07/2025,2018,Check,"Perez, Thompson & Associates",Deborah King,Lawyer Fee,"17,541.56",,Reconciled,Manually added,"-254,695.83"
04/07/2025,2017,Check,"Perez, Thompson & Associates",Andrew Lewis,CJ Reimbursement,7.76,,Reconciled,Manually added,"-254,703.59"
04/07/2025,2016,Check,"Perez, Thompson & Associates",Andrew Lewis,Lawyer Fee,"8,964.17",,Reconciled,Manually added,"-263,667.76"
04/07/2025,2015,Check,"Perez, Thompson & Associates",Sandra Alexander,CJ Reimbursement,7.57,,Reconciled,Manually added,"-263,675.33"
04/07/2025,2014,Check,"Perez, Thompson & Associates",Sandra Alexander,Lawyer Fee,"10,327.68",,Reconciled,Manually added,"-274,003.01"
04/07/2025,2013,Check,"Perez, Thompson & Associates",Alexander Schmidt,Lawyer Fee,"143,138.77",,Reconciled,Manually added,"-417,141.78"
04/07/2025,2012,Check,"Perez, Thompson & Associates",Alexander Schmidt,Records Reimbursement,46.38,,Reconciled,Manually added,"-417,188.16"
04/07/2025,2011,Check,"Perez, Thompson & Associates",Alexander Schmidt,CJ Reimbursement,12.61,,Reconciled,Manually added,"-417,200.77"
04/07/2025,2010,Check,Jack Daniels,Alexander Schmidt,UIM Settlement to Client,"125,349.71",,Reconciled,Manually added,"-542,550.48"
04/07/2025,2009,Check,Jerry Soto,Ronald Wells,Release of Escrow Funds,841.35,,Reconciled,Manually added,"-543,391.83"
04/04/2025,2008,Check,Roberts Solutions Inc,Ronald Wells,Full & Final HMS Lien Payment,"1,030.10",,Reconciled,Manually added,"-544,421.93"
04/04/2025,2007,Check,Elizabeth Grant,William Coleman,Release of Escrow Funds,"8,100.49",,Reconciled,Manually added,"-552,522.42"
04/04/2025,2006,Expense,Nguyen Solutions Inc,William Coleman,Full & Final Medical Bill Payment,347.56,,Reconciled,Manually added,"-552,869.98"
04/04/2025,2005,Check,Kevin Clark,William Coleman,Full & Final Medical Bill Payment,13.87,,Reconciled,Manually added,"-552,883.85"
04/04/2025,2004,Check,Barnes Solutions Inc,William Coleman,Full & Final Medical Bill Payment,135.72,,Reconciled,Manually added,"-553,019.57"
04/04/2025,,Deposit,Stephen Diaz,Nicholas Cruz,,,"349,278.62",Reconciled,,"-203,740.95"
04/04/2025,,Deposit,Karen Lopez,Nicholas Cruz,,,"287,509.74",Reconciled,,"83,768.79"
04/04/2025,,Deposit,Stephen Diaz,Debra Boyd,,,"121,282.60",Reconciled,,"205,051.39"
04/04/2025,,Deposit,Jonathan Evans,Jeffrey Cruz,,,"82,158.75",Reconciled,,"287,210.14"
04/04/2025,,Deposit,Torres Insurance Company,Rebecca Nguyen,,,"25,693.86",Reconciled,,"312,904.00"
04/04/2025,,Deposit,Jonathan Evans,Gary Freeman,,,"26,156.98",Reconciled,,"339,060.98"
04/04/2025,,Deposit,Jonathan Evans,Charles Jackson,,,"29,242.29",Reconciled,,"368,303.27"
04/04/2025,,Deposit,Amy Parker,Charles Romero,,,"17,744.30",Reconciled,,"386,047.57"
04/04/2025,,Deposit,Richardson Insurance Group,Robert Payne,,,"23,025.78",Reconciled,,"409,073.35"
04/03/2025,2003,Check,Sullivan Mutual Insurance,Laura Roberts,Full & Final WC Lien Payment,"11,892.42",,Reconciled,Manually added,"397,180.93"
04/03/2025,2002,Check,Roberts Solutions Inc,Laura Roberts,Full & Final HMS Lien Payment,142.63,,Reconciled,Manually added,"397,038.30"
04/03/2025,2001,Expense,Emily Martin,Laura Roberts,Full & Final Medical Bill Payment,"3,524.96",,Reconciled,Manually added,"393,513.34"
04/03/2025,2000,Check,Carol Sanchez,Laura Roberts,Full & Final Medical Bill Payment,"12,898.07",,Reconciled,Manually added,"380,615.27"
04/03/2025,1999,Check,Samantha Hicks,Laura Roberts,Full & Final Medical Bill Payment,815.99,,Reconciled,Manually added,"379,799.28"
04/03/2025,1998,Check,Sandra Wilson,Laura Roberts,Full & Final Medical Bill Payment,"4,429.03",,Reconciled,Manually added,"375,370.25"
04/03/2025,1997,Check,Michael Spencer,Laura Roberts,Full & Final Medical Bill Payment,"3,101.74",,Reconciled,Manually added,"372,268.51"
04/03/2025,1996,Check,Catherine Ferguson,Laura Roberts,Full & Final Medical Bill Payment,237.91,,Reconciled,Manually added,"372,030.60"
04/03/2025,1995,Check,Peterson & Bailey Medical Associates,Laura Roberts,Full & Final Medical Bill Payment,"2,255.43",,Reconciled,Manually added,"369,775.17"
04/03/2025,1994,Check,Baker Corporation,Laura Roberts,Full & Final Medical Bill Payment,"5,116.93",,Reconciled,Manually added,"364,658.24"
04/03/2025,1993,Expense,William Foster,Margaret Lopez,Release of Escrow Funds,"2,276.34",,Reconciled,Manually added,"362,381.90"
04/02/2025,1992,Expense,Castillo Services LLC,Margaret Lopez,Full & Final Medical Bill Payment,647.22,,Reconciled,Manually added,"361,734.68"
04/02/2025,1991,Check,Ryan Wells,Margaret Lopez,Full & Final Medical Bill Payment,451.03,,Reconciled,Manually added,"361,283.65"
04/02/2025,1990,Expense,Joseph Gonzales,Margaret Lopez,Full & Final Medical Bill Payment,"4,804.53",,Reconciled,Manually added,"356,479.12"
04/02/2025,1989,Check,Carter Services LLC,Helen Cooper,Full & Final Medical Bill Payment,187.59,,Reconciled,Manually added,"356,291.53"
04/02/2025,1988,Check,Romero & Jordan Medical Associates,Helen Cooper,Full & Final Medical Bill Payment,70.58,,Reconciled,Manually added,"356,220.95"
04/02/2025,1987,Check,Anthony Hernandez,Helen Cooper,Full & Final Medical Bill Payment,197.24,,Reconciled,Manually added,"356,023.71"
04/02/2025,1986,Check,Kevin Clark,Helen Cooper,Full & Final Medical Bill Payment,246.17,,Reconciled,Manually added,"355,777.54"
04/02/2025,1985,Expense,Moreno Corporation,Helen Cooper,Full & Final Medical Bill Payment,599.66,,Reconciled,Manually added,"355,177.88"
04/02/2025,1984,Check,Jessica Davis,Anna Murphy,Release of Escrow Funds,"1,292.66",,Reconciled,Manually added,"353,885.22"
04/02/2025,1983,Check,Roberts Solutions Inc,Anna Murphy,Full & Final HMS Lien Payment,469.74,,Reconciled,Manually added,"353,415.48"
04/02/2025,1982,Check,Ruiz Services LLC,Anna Murphy,Full & Final Medical Bill Payment,38.22,,Reconciled,Manually added,"353,377.26"
04/02/2025,1981,Check,Wood Corporation,Anna Murphy,Full & Final Medical Bill Payment,777.44,,Reconciled,Manually added,"352,599.82"
04/02/2025,1980,Check,Brooks Solutions Inc,Anna Murphy,Full & Final Medical Bill Payment,"3,543.03",,Reconciled,Manually added,"349,056.79"
04/02/2025,1979,Check,Charles Coleman,Anna Murphy,Full & Final Medical Bill Payment,285.27,,Reconciled,Manually added,"348,771.52"
04/02/2025,1978,Check,Martin Corporation,Anna Murphy,Full & Final Medical Bill Payment,"1,509.90",,Cleared,Manually added,"347,261.62"
04/02/2025,1977,Check,Miller Company,Anna Murphy,Full & Final Medical Bill Payment,313.93,,Reconciled,Manually added,"346,947.69"
04/02/2025,1976,Expense,Paul Ellis,Anna Murphy,Full & Final Medical Bill Payment,"1,497.78",,Reconciled,Manually added,"345,449.91"
04/02/2025,1975,Check,Nancy Garcia,Kathleen Simpson,Full & Final Medical Bill Payment,980.50,,Cleared,Manually added,"344,469.41"
04/02/2025,1974,Check,Joseph Gonzales,Sandra Alexander,Full & Final Medical Bill Payment,"1,839.64",,Reconciled,Manually added,"342,629.77"
04/02/2025,1973,Expense,Joseph Gonzales,Sandra Alexander,Full & Final Medical Bill Payment,"1,146.00",,Reconciled,Manually added,"341,483.77"
04/02/2025,1972,Check,Roberts Solutions Inc,Justin Gutierrez,Full & Final HMS Lien Payment,792.59,,Reconciled,Manually added,"340,691.18"
04/02/2025,1971,Check,Ryan Wells,Justin Gutierrez,Full & Final Medical Bill Payment,578.16,,Reconciled,Manually added,"340,113.02"
04/02/2025,1970,Expense,Castillo Services LLC,Justin Gutierrez,Full & Final Medical Bill Payment,454.61,,Reconciled,Manually added,"339,658.41"
04/02/2025,1969,Check,Joseph Gonzales,Justin Gutierrez,Full & Final Medical Bill Payment,"3,130.65",,Reconciled,Manually added,"336,527.76"
04/02/2025,1968,Check,Ryan Wells,Deborah King,Full & Final Medical Bill Payment,988.45,,Reconciled,Manually added,"335,539.31"
04/02/2025,1967,Check,Castillo Services LLC,Deborah King,Full & Final Medical Bill Payment,546.99,,Reconciled,Manually added,"334,992.32"
04/02/2025,1966,Check,Jeffrey Washington,Deborah King,Full & Final HMS Lien Payment,41.46,,Reconciled,Manually added,"334,950.86"
04/02/2025,1965,Expense,Butler Corporation,Deborah King,Full & Final Medical Bill Payment,195.96,,Reconciled,Manually added,"334,754.90"
04/02/2025,1964,Check,Joseph Gonzales,Deborah King,Full & Final Medical Bill Payment,938.58,,Reconciled,Manually added,"333,816.32"
04/02/2025,1963,Check,Joshua Stevens,Deborah King,Full & Final Medical Bill Payment,125.55,,Reconciled,Manually added,"333,690.77"
04/02/2025,1962,Check,Roberts Solutions Inc,Andrew Lewis,Full & Final HMS Lien Payment,439.91,,Reconciled,Manually added,"333,250.86"
04/02/2025,1961,Check,Stewart Services LLC,Andrew Lewis,Full & Final Medical Bill Payment,"2,207.34",,Reconciled,Manually added,"331,043.52"
04/02/2025,1960,Check,Arlington Healthcare Center 69,Andrew Lewis,Full & Final Medical Bill Payment,"1,708.24",,Reconciled,Manually added,"329,335.28"
04/02/2025,1959,Check,Charles Coleman,Andrew Lewis,Full & Final Medical Bill Payment,"1,146.32",,Reconciled,,"328,188.96"
04/01/2025,1958,Check,Karen Brown,Michael Miller,Release of Escrow Funds,"9,669.31",,Reconciled,Manually added,"318,519.65"
03/28/2025,1957,Check,Timothy Henry,Melissa Young,,"1,755.25",,Reconciled,,"316,764.40"
03/28/2025,1956,Check,Kevin Clark,Melissa Young,,414.35,,Reconciled,,"316,350.05"
03/28/2025,1955,Check,Roberts Solutions Inc,Melissa Young,Partial Release of escrow funds,660.49,,Reconciled,,"315,689.56"
03/28/2025,1954,Check,Joseph Perry,Melissa Young,Provider,"1,462.91",,Reconciled,,"314,226.65"
03/28/2025,1953,Check,Brooks Solutions Inc,Melissa Young,Provider,"3,498.56",,Reconciled,,"310,728.09"
03/28/2025,1952,Check,Wood Corporation,Melissa Young,Provider,"1,996.80",,Reconciled,,"308,731.29"
03/28/2025,1951,Check,Miller Company,Melissa Young,,"13,196.51",,Reconciled,,"295,534.78"
03/28/2025,1950,Check,Paul Ellis,Melissa Young,,"3,733.04",,Reconciled,,"291,801.74"
03/28/2025,1949,Check,Joseph Gonzales,Melissa Young,Provider,514.30,,Reconciled,,"291,287.44"
03/28/2025,1948,Check,Butler Corporation,Melissa Young,,310.10,,Reconciled,,"290,977.34"
03/25/2025,1947,Check,Sarah Martinez,Shirley Guzman,Settlement to client,"7,666.49",,Reconciled,Manually added,"283,310.85"
03/25/2025,1946,Check,Larry Reed,Justin Gutierrez,,"21,109.50",,Reconciled,,"262,201.35"
03/25/2025,1944,Check,Debra Mendoza,Angela Phillips,Settlement to client,"5,011.00",,Reconciled,Manually added,"257,190.35"
03/25/2025,1943,Check,Emily Moreno,Jack Chavez,Client (Release of Escrow),247.11,,Reconciled,,"256,943.24"
03/25/2025,1942,Check,Madison Clinic 75,Betty Martinez,Provider,127.44,,Reconciled,,"256,815.80"
03/25/2025,1941,Check,Hernandez Company,Carolyn Stephens,,256.66,,Reconciled,,"256,559.14"
03/19/2025,1940,Check,Christine Mills,Paul Wright,,643.29,,Reconciled,,"255,915.85"
03/19/2025,1939,Check,Andrew Torres,Paul Wright,Provider,"3,831.52",,Reconciled,Manually added,"252,084.33"
03/18/2025,1938,Check,Samantha Kelly,Sandra Alexander,Settlement to client,"12,221.73",,Reconciled,Manually added,"239,862.60"
03/18/2025,1937,Check,Catherine Wood,Andrew Lewis,,"19,389.92",,Reconciled,,"220,472.68"
03/18/2025,1936,Check,Brenda Rogers,Kathleen Simpson,,"18,250.03",,Reconciled,,"202,222.65"
03/18/2025,1935,Check,Matthew Rodriguez,Deborah King,Settlement to client,"37,261.21",,Reconciled,Manually added,"164,961.44"
03/14/2025,,Deposit,,Sandra Alexander,,,"26,659.82",Reconciled,,"191,621.26"
03/14/2025,,Deposit,,Kathleen Simpson,,,"23,852.44",Reconciled,,"215,473.70"
03/14/2025,,Deposit,,Elizabeth Lopez,,,"29,961.45",Reconciled,,"245,435.15"
03/14/2025,,Deposit,,Deborah King,,,"19,609.66",Reconciled,,"265,044.81"
03/10/2025,1934,Check,Daniel Hamilton,Jack Salazar,,231.85,,Reconciled,,"264,812.96"
03/10/2025,1933,Check,Arlington Healthcare Center,James Ryan,,206.73,,Reconciled,,"264,606.23"
03/10/2025,1932,Check,Perry & Russell Medical Associates,James Ryan,,630.88,,Reconciled,,"263,975.35"
03/10/2025,1931,Check,Jenkins Solutions Inc,James Ryan,,"1,181.23",,Reconciled,,"262,794.12"
03/10/2025,1930,Check,Davis Corporation,James Ryan,,177.99,,Reconciled,,"262,616.13"
03/10/2025,1929,Check,Daniel Hamilton,James Ryan,,"9,578.32",,Reconciled,,"253,037.81"
03/07/2025,1928,Check,Jack Daniels,Mary Ross,Release of escrow funds,686.51,,Reconciled,,"252,351.30"
03/07/2025,1927,Check,Anna Parker,Charles Hernandez,Release of escrow funds,632.37,,Reconciled,,"251,718.93"
03/07/2025,1926,Check,Justin Howard,Andrew Lee,,63.90,,Reconciled,,"251,655.03"
03/07/2025,1925,Check,Long Services LLC,Andrew Lee,,977.65,,Reconciled,,"250,677.38"
03/06/2025,1873,Check,Diaz Company,Elizabeth Jimenez,,5.68,,Reconciled,,"250,671.70"
03/05/2025,1924,Check,"Perez, Thompson & Associates",Sarah Johnson,,10.57,,Reconciled,,"250,661.13"
03/05/2025,1923,Check,"Perez, Thompson & Associates",Brenda Kelly,,7.01,,Reconciled,,"250,654.12"
03/05/2025,1922,Check,"Perez, Thompson & Associates",Jennifer Garcia,,7.61,,Reconciled,,"250,646.51"
03/05/2025,1921,Check,"Perez, Thompson & Associates",Jennifer Garcia,,"5,933.44",,Reconciled,Manually matched,"244,713.07"
03/05/2025,1920,Check,"Perez, Thompson & Associates",George Walker,,42.95,,Reconciled,Manually matched,"244,670.12"
03/05/2025,1919,Check,"Perez, Thompson & Associates",George Walker,,12.01,,Reconciled,,"244,658.11"
03/05/2025,1918,Check,"Perez, Thompson & Associates",George Walker,,"49,506.15",,Reconciled,Manually matched,"195,151.96"
03/05/2025,1895,Check,Brian Torres,Brandon Ward,Provider,"1,890.45",,Reconciled,Manually added,"193,261.51"
03/03/2025,1917,Check,Emily Tran,Sarah Johnson,,138.55,,Reconciled,Manually matched,"193,122.96"
03/03/2025,1916,Check,Michelle Murray,Jonathan Morgan,,145.24,,Reconciled,Manually matched,"192,977.72"
03/03/2025,1915,Check,Adams Solutions Inc,Jonathan Morgan,,729.05,,Reconciled,,"192,248.67"
03/03/2025,1913,Check,Gary Porter,Jonathan Morgan,,293.26,,Reconciled,,"191,955.41"
03/03/2025,1912,Check,Scott Morgan,Jonathan Morgan,,"1,739.93",,,,"190,215.48"
03/03/2025,1911,Check,Eric Gomez,Dorothy Fernandez,,427.13,,Reconciled,Manually matched,"189,788.35"
03/03/2025,1910,Check,Carol King,Dorothy Fernandez,,317.57,,Reconciled,Manually matched,"189,470.78"
03/03/2025,1909,Check,Kenneth Allen,Dorothy Fernandez,Release of escrow funds,363.73,,Reconciled,Manually matched,"189,107.05"
03/03/2025,1907,Check,Ronald Nelson,Katherine Ramos,Settlement to client,778.93,,Reconciled,,"188,328.12"
03/03/2025,1904,Check,Donna Perez,Emma Bailey,Provider,336.47,,Reconciled,,"187,991.65"
03/03/2025,1901,Check,Roberts Solutions Inc,Donna Nguyen,Partial Release of escrow funds,946.63,,Reconciled,,"187,045.02"
03/03/2025,1900,Check,Rebecca Fernandez,Donna Nguyen,Settlement to client,354.39,,Reconciled,,"186,690.63"
03/03/2025,1898,Check,Roberts Solutions Inc,Helen Turner,Partial Release of escrow funds,247.40,,Reconciled,,"186,443.23"
03/03/2025,1897,Check,Gonzales Company,Brandon Ward,Provider,326.61,,Reconciled,,"186,116.62"
03/03/2025,1894,Check,Debra Richardson,Brandon Ward,Settlement to client,"1,403.19",,Reconciled,,"184,713.43"
03/03/2025,1893,Check,Janet Weaver,Kenneth Harris,Settlement to Client,"2,245.26",,Reconciled,,"182,468.17"
03/03/2025,1890,Check,Roberts Solutions Inc,Raymond Kim,Partial Release of escrow funds,97.90,,Reconciled,,"182,370.27"
03/03/2025,1888,Check,Roberts Solutions Inc,Robert Daniels,Partial Release of escrow funds,664.89,,Reconciled,,"181,705.38"
03/03/2025,1875,Check,Jason Campbell,Melissa Woods,Provider,187.02,,Reconciled,,"181,518.36"
03/03/2025,1874,Check,Smith Services LLC,Melissa Woods,,73.27,,Reconciled,,"181,445.09"
03/03/2025,1846,Check,Paul Ellis,Laura Adams,,"2,447.01",,Reconciled,,"178,998.08"
03/03/2025,1844,Check,Wood Corporation,Laura Adams,Provider,"1,070.72",,Reconciled,,"177,927.36"
03/03/2025,1843,Check,Miller Company,Laura Adams,,"3,316.47",,Reconciled,,"174,610.89"
03/03/2025,1839,Check,Miller Company,George Walker,,886.27,,Reconciled,,"173,724.62"
03/03/2025,1837,Check,Wood Corporation,George Walker,Provider,"1,949.60",,Reconciled,,"171,775.02"
03/03/2025,1815,Check,Wood Corporation,James Ruiz,Provider,57.52,,Reconciled,,"171,717.50"
03/03/2025,1775,Check,Miller Company,Sharon Woods,,327.61,,Reconciled,,"171,389.89"
03/01/2025,3,Journal,Christopher Patterson,,Reverse check 1588,,102.62,Reconciled,,"171,492.51"
03/01/2025,2,Journal,Emily Moreno,,Revese check 1536,,428.68,Reconciled,,"171,921.19"
03/01/2025,1,Journal,Andrew Medina,,Revese check 1620,,621.40,Reconciled,,"172,542.59"
02/28/2025,1899,Check,Cynthia Baker,Helen Turner,Release of escrow funds,115.41,,Reconciled,Manually added,"172,427.18"
02/28/2025,1889,Check,Jessica Thomas,Robert Daniels,Release of escrow funds,399.19,,Reconciled,Manually added,"172,027.99"
02/28/2025,1882,Check,Ward Company,Matthew Harris,Provider,124.88,,Reconciled,Manually added,"171,903.11"
02/28/2025,1862,Check,Arlington Healthcare Center 117,Betty Moore,Provider,"1,253.12",,Reconciled,Manually added,"170,649.99"
02/28/2025,1849,Check,Joseph Spencer,Laura Adams,Release of escrow funds,399.87,,Reconciled,Manually added,"170,250.12"
02/28/2025,1838,Check,Reynolds Medical Group,George Walker,Provider,266.59,,Reconciled,Manually added,"169,983.53"
02/27/2025,1908,Check,Ashley Young,Nancy Wilson,Release of escrow funds,"3,253.08",,Reconciled,Manually added,"166,730.45"
02/27/2025,1865,Check,Jason Campbell,Jerry Meyer,Provider,313.64,,Reconciled,Manually added,"166,416.81"
02/27/2025,1861,Check,Roberts Solutions Inc,Betty Moore,HMS lien,111.12,,Reconciled,Manually added,"166,305.69"
02/27/2025,1856,Check,Sandra Cole,Christine Cox,Release of escrow funds,526.24,,Reconciled,Manually added,"165,779.45"
02/27/2025,1853,Check,Mary Johnson,Joshua Walker,Release of escrow funds,556.96,,Reconciled,Manually added,"165,222.49"
02/27/2025,1851,Check,Sanders Solutions Inc,Joshua Walker,Provider,436.40,,Reconciled,Manually added,"164,786.09"
02/26/2025,1906,Check,Hernandez Company,Andrew Lee,,774.09,,Reconciled,Manually matched,"164,012.00"
02/26/2025,1905,Check,Donna Perez,Emma Bailey,Provider,117.31,,Reconciled,Manually matched,"163,894.69"
02/26/2025,1903,Check,Moreno Corporation,Emma Bailey,,293.20,,Reconciled,Manually matched,"163,601.49"
02/26/2025,1902,Check,Ryan Nelson,Scott Wagner,Release of escrow funds,857.95,,Reconciled,Manually added,"162,743.54"
02/26/2025,1896,Check,Robinson Solutions Inc,Brandon Ward,,"1,435.66",,Reconciled,Manually matched,"161,307.88"
02/26/2025,1892,Check,Paul Ellis,Raymond Kim,,"1,036.81",,Reconciled,Manually matched,"160,271.07"
02/26/2025,1891,Check,Joseph Perry,Raymond Kim,,"1,119.66",,Cleared,Manually matched,"159,151.41"
02/26/2025,1887,Check,Jacob Olson,Robert Daniels,,110.56,,Reconciled,,"159,040.85"
02/26/2025,1886,Check,Joshua Thompson,Stephen Morales,Release of escrow funds,310.08,,Reconciled,Manually matched,"158,730.77"
02/26/2025,1857,Check,Price Company,Christine Cox,Provider,"1,078.02",,Reconciled,Manually added,"157,652.75"
02/25/2025,1885,Check,Kimberly Sanchez,Matthew Harris,,194.87,,Reconciled,,"157,457.88"
02/25/2025,1884,Check,Elizabeth Butler,Matthew Harris,,706.93,,Reconciled,Manually matched,"156,750.95"
02/25/2025,1883,Check,Stephen Porter,Matthew Harris,,164.95,,Reconciled,Manually matched,"156,586.00"
02/25/2025,1881,Check,Eric Gutierrez,Matthew Harris,,477.93,,Reconciled,,"156,108.07"
02/25/2025,1880,Check,Anthony Wallace,Jennifer Garcia,,137.26,,Reconciled,Manually matched,"155,970.81"
02/25/2025,1879,Check,Jimenez Corporation,Jennifer Garcia,,168.18,,Reconciled,Manually matched,"155,802.63"
02/25/2025,1878,Check,Miller Company,Larry Cook,,909.96,,Reconciled,,"154,892.67"
02/25/2025,1877,Check,Jimenez Corporation,Larry Cook,,37.63,,Reconciled,Manually matched,"154,855.04"
02/25/2025,1876,Check,Paul Ellis,Larry Cook,,563.64,,Reconciled,Manually matched,"154,291.40"
02/25/2025,1872,Check,Adams Solutions Inc,Elizabeth Jimenez,,937.79,,Reconciled,Manually matched,"153,353.61"
02/25/2025,1871,Check,Gomez & Phillips Medical Associates,Kathleen Turner,,616.90,,Reconciled,Manually matched,"152,736.71"
02/25/2025,1870,Check,Gomez & Phillips Medical Associates,Kathleen Turner,,191.47,,Reconciled,,"152,545.24"
02/25/2025,1869,Check,Jeffrey Carter,Kathleen Turner,,194.57,,Reconciled,,"152,350.67"
02/25/2025,1855,Check,John Castillo,Linda Russell,Release of escrow funds,"2,339.30",,Reconciled,Manually added,"150,011.37"
02/25/2025,1845,Check,Hernandez Company,Laura Adams,Provider,"1,172.17",,Reconciled,Manually added,"148,839.20"
02/25/2025,1829,Check,Joshua Hayes,George Stevens,Provider,749.99,,Reconciled,Manually added,"148,089.21"
02/24/2025,1868,Check,Paul Ellis,Amy Hunter,,"1,533.12",,Reconciled,Manually matched,"146,556.09"
02/24/2025,1867,Check,Martin Corporation,Amy Hunter,,55.50,,Reconciled,Manually matched,"146,500.59"
02/24/2025,1864,Check,Miller Company,Jerry Meyer,Provider,665.65,,Reconciled,Manually matched,"145,834.94"
02/24/2025,1863,Check,Franklin Healthcare Center,Jerry Meyer,,647.37,,Reconciled,Manually matched,"145,187.57"
02/24/2025,1860,Check,Rachel Garza,Betty Moore,Provider,375.73,,Reconciled,Manually matched,"144,811.84"
02/24/2025,1852,Check,Miller Company,Joshua Walker,,29.62,,Reconciled,,"144,782.22"
02/24/2025,1850,Check,Brenda Hicks,Jennifer Garcia,Settlement to client,"23,230.52",,Reconciled,Manually added,"121,551.70"
02/24/2025,1847,Check,Wilson Solutions Inc,Laura Adams,Provider,611.98,,Reconciled,Manually added,"120,939.72"
02/24/2025,1824,Check,Joseph Gonzales,Mark Lewis,Provider,871.92,,Reconciled,Manually added,"120,067.80"
02/21/2025,1833,Check,William Hernandez,Jessica Russell,Provider,353.12,,Reconciled,Manually added,"119,714.68"
02/21/2025,1819,Check,Russell Corporation,Edward Washington,Provider,152.32,,Reconciled,Manually added,"119,562.36"
02/20/2025,1842,Check,Brooks Solutions Inc,Laura Adams,Provider,"2,845.88",,Reconciled,Manually added,"116,716.48"
02/20/2025,1836,Check,Brooks Solutions Inc,George Walker,Provider,"2,246.95",,Reconciled,Manually added,"114,469.53"
02/20/2025,,Deposit,Amy Parker,Jennifer Garcia,,,"35,652.75",Reconciled,,"150,122.28"
02/19/2025,1848,Check,Kenneth Herrera,Thomas Rodriguez,Release of escrow funds,"1,697.78",,Reconciled,Manually added,"148,424.50"
02/19/2025,1835,Check,Roberts Solutions Inc,George Walker,HMS lien,"1,132.23",,Reconciled,Manually added,"147,292.27"
02/19/2025,1834,Check,Kevin Wright,George Walker,Provider,235.71,,Reconciled,Manually added,"147,056.56"
02/19/2025,1832,Check,Ryan Burns,Jessica Russell,Provider,"1,588.59",,Reconciled,Manually added,"145,467.97"
02/19/2025,1827,Check,Brandon Peterson,Barbara Gardner,Provider,"1,911.10",,Reconciled,Manually added,"143,556.87"
02/19/2025,1822,Check,Butler Corporation,Katherine Ramos,Provider,273.29,,Reconciled,Manually added,"143,283.58"
02/19/2025,1821,Check,Joseph Gonzales,Katherine Ramos,Provider,335.80,,Reconciled,Manually added,"142,947.78"
02/19/2025,1791,Check,Brian Torres,Stephen Morales,Provider,278.31,,Reconciled,Manually added,"142,669.47"
02/19/2025,1785,Check,Gary Diaz,Richard Gonzalez,Settlement to client,"39,762.08",,Reconciled,Manually added,"102,907.39"
02/18/2025,1831,Check,Myers Corporation,Jessica Russell,Provider,308.23,,Reconciled,Manually added,"102,599.16"
02/18/2025,1823,Check,Moreno Corporation,Mark Lewis,Provider,"1,493.24",,Reconciled,Manually added,"101,105.92"
02/14/2025,1841,Check,Jimenez Corporation,Laura Adams,,396.04,,Reconciled,,"100,709.88"
02/14/2025,1840,Check,Paul Ellis,George Walker,,"2,314.84",,Cleared,Manually matched,"98,395.04"
02/14/2025,1830,Check,Daniel Hamilton,Jessica Russell,,196.60,,Reconciled,,"98,198.44"
02/14/2025,1814,Check,Jason Campbell,James Ruiz,Provider,252.92,,Reconciled,Manually added,"97,945.52"
02/13/2025,1820,Check,Jennifer Kelley,Linda Weaver,Provider,254.48,,Reconciled,Manually added,"97,691.04"
02/13/2025,1816,Check,Paul Ellis,James Ruiz,Provider,605.35,,Reconciled,Manually added,"97,085.69"
02/13/2025,1792,Check,Carol Gibson,Patricia Alvarez,Release of escrow funds,684.03,,Reconciled,Manually added,"96,401.66"
02/12/2025,1828,Check,John Powell,Barbara Gardner,,272.58,,Reconciled,Manually matched,"96,129.08"
02/12/2025,1738,Check,Russell Corporation,Kevin Ellis,Provider,133.12,,Reconciled,Manually added,"95,995.96"
02/11/2025,1817,Check,Roberts Solutions Inc,Edward Washington,HMS,"1,243.94",,Reconciled,Manually added,"94,752.02"
02/11/2025,1788,Check,Emma Richardson,Angela Crawford,Emma Richardson lien,"1,578.74",,Reconciled,Manually added,"93,173.28"
02/10/2025,1826,Check,Samantha Stone,George Walker,,"53,197.69",,Reconciled,Manually matched,"39,975.59"
02/10/2025,1793,Check,Samuel Salazar,Laura Roberts,Settlement to client,"38,623.77",,Reconciled,Manually added,"1,351.82"
02/10/2025,1787,Check,Rebecca Chen,Angela Crawford,Settlement to client,"55,499.44",,Reconciled,Manually added,"-54,147.62"
02/10/2025,1745,Check,Carolyn Sanders,Donna Nguyen,Provider,735.00,,Reconciled,Manually added,"-54,882.62"
02/07/2025,1818,Check,Kevin Clark,Edward Washington,,524.29,,Reconciled,Manually matched,"-55,406.91"
02/07/2025,1813,Check,"Perez, Thompson & Associates",Michael Miller,CJ Reimbursement,9.24,,Reconciled,Manually added,"-55,416.15"
02/07/2025,1812,Check,"Perez, Thompson & Associates",Michael Miller,Lawyer Fee,"13,724.72",,Reconciled,Manually added,"-69,140.87"
02/07/2025,1811,Check,"Perez, Thompson & Associates",Jessica Russell,CJ Reimbursement,13.92,,Reconciled,Manually added,"-69,154.79"
02/07/2025,1810,Check,"Perez, Thompson & Associates",Jessica Russell,Lawyer Fee,"53,672.80",,Reconciled,Manually added,"-122,827.59"
02/07/2025,1809,Check,"Perez, Thompson & Associates",Laura Roberts,CJ Reimbursement,12.19,,Reconciled,Manually added,"-122,839.78"
02/07/2025,1808,Check,"Perez, Thompson & Associates",Laura Roberts,Lawyer Fee,"45,458.11",,Reconciled,Manually added,"-168,297.89"
02/07/2025,1807,Check,"Perez, Thompson & Associates",Anna Murphy,CJ Reimbursement,11.03,,Reconciled,Manually added,"-168,308.92"
02/07/2025,1806,Check,"Perez, Thompson & Associates",Anna Murphy,Lawyer Fee,"16,565.59",,Reconciled,Manually added,"-184,874.51"
02/07/2025,1805,Check,"Perez, Thompson & Associates",George Stevens,CJ Reimbursement,15.47,,Reconciled,Manually added,"-184,889.98"
02/07/2025,1804,Check,"Perez, Thompson & Associates",George Stevens,Lawyer Fee,"15,405.09",,Reconciled,Manually added,"-200,295.07"
02/07/2025,1803,Check,"Perez, Thompson & Associates",Richard Gonzalez,Records Reimb.,101.62,,Reconciled,Manually added,"-200,396.69"
02/07/2025,1802,Check,"Perez, Thompson & Associates",Richard Gonzalez,PR search reimb.,18.27,,Reconciled,Manually added,"-200,414.96"
02/07/2025,1801,Check,"Perez, Thompson & Associates",Richard Gonzalez,CJ Reimbursement,8.54,,Reconciled,Manually added,"-200,423.50"
02/07/2025,1800,Check,"Perez, Thompson & Associates",Richard Gonzalez,Lawyer Fee,"22,302.61",,Reconciled,Manually added,"-222,726.11"
02/07/2025,1799,Check,"Perez, Thompson & Associates",Angela Crawford,Service of Process,72.42,,Reconciled,Manually added,"-222,798.53"
02/07/2025,1798,Check,"Perez, Thompson & Associates",Angela Crawford,Filing fee reimbursement,261.39,,Reconciled,Manually added,"-223,059.92"
02/07/2025,1797,Check,"Perez, Thompson & Associates",Angela Crawford,CJ Reimbursement,10.88,,Reconciled,Manually added,"-223,070.80"
02/07/2025,1796,Check,"Perez, Thompson & Associates",Angela Crawford,Lawyer Fee,"42,908.86",,Reconciled,Manually added,"-265,979.66"
02/07/2025,1795,Check,"Perez, Thompson & Associates",Margaret Lopez,CJ Reimbursement,14.93,,Reconciled,Manually added,"-265,994.59"
02/07/2025,1794,Check,"Perez, Thompson & Associates",Margaret Lopez,Lawyer Fee,"11,730.46",,Reconciled,Manually added,"-277,725.05"
02/06/2025,1790,Check,Morales Company,Stephen Morales,,157.70,,Reconciled,Manually matched,"-277,882.75"
02/06/2025,1789,Check,Amanda Tran,Stephen Morales,,701.49,,Reconciled,,"-278,584.24"
02/06/2025,1768,Check,Russell Corporation,Mark Lewis,Provider,18.76,,Reconciled,Manually added,"-278,603.00"
02/05/2025,1786,Check,Jessica Davis,Anna Murphy,Settlement to client,"30,409.10",,Reconciled,Manually added,"-309,012.10"
02/05/2025,1784,Check,Nicholas Gordon,George Stevens,Settlement to client,"44,491.24",,Reconciled,Manually added,"-353,503.34"
02/04/2025,,Deposit,Patel Insurance Group,Richard Gonzalez,,,"90,581.17",Reconciled,,"-262,922.17"
02/04/2025,,Deposit,Hayes Insurance Company,George Stevens,,,"50,445.27",Reconciled,,"-212,476.90"
02/04/2025,,Deposit,Richardson Insurance Group,Anna Murphy,,,"64,229.71",Reconciled,,"-148,247.19"
02/04/2025,,Deposit,Patricia Ferguson,Donna Robinson,,,"33,092.49",Reconciled,,"-115,154.70"
02/04/2025,,Deposit,Gutierrez Insurance Company,George Campbell,,,"17,113.60",Reconciled,,"-98,041.10"
02/03/2025,1780,Check,Mark Gonzalez,Patrick Ward,Release of escrow funds,990.92,,Reconciled,Manually added,"-99,032.02"
02/03/2025,1777,Check,Mary Hughes,Anthony Clark,Release of escrow funds,74.52,,Reconciled,Manually added,"-99,106.54"
02/03/2025,1776,Check,Jason Campbell,Sharon Woods,Provider,316.64,,Reconciled,Manually added,"-99,423.18"
02/03/2025,1772,Check,Roberts Solutions Inc,Anthony Clark,Partial Release of escrow funds,"2,052.13",,Reconciled,Manually added,"-101,475.31"
02/03/2025,1771,Check,David Rodriguez,Patricia Alvarez,Provider,"3,273.24",,Reconciled,Manually added,"-104,748.55"
02/03/2025,1737,Check,Moreno Corporation,Kevin Ellis,Provider,75.16,,Reconciled,Manually added,"-104,823.71"
01/31/2025,1783,Check,William Foster,Margaret Lopez,Settlement to client,"38,246.39",,Reconciled,Manually added,"-143,070.10"
01/30/2025,1782,Check,Karen Brown,Michael Miller,Settlement to client,"21,603.18",,Reconciled,Manually added,"-164,673.28"
01/30/2025,1781,Check,Ryan Gomez,James Smith,Release of escrow funds,"1,443.91",,Reconciled,Manually added,"-166,117.19"
01/30/2025,1779,Check,Margaret Ramirez,Jessica Russell,Settlement to client,"118,773.53",,Reconciled,Manually added,"-284,890.72"
01/30/2025,1774,Check,Franklin Healthcare Center,Sharon Woods,Provider,266.59,,Reconciled,Manually added,"-285,157.31"
01/30/2025,1769,Check,Carol Gibson,Patricia Alvarez,Partial Release of escrow funds,"2,911.54",,Reconciled,Manually added,"-288,068.85"
01/29/2025,1778,Check,Nicole Cox,Sharon Woods,Provider,"1,375.94",,Reconciled,Manually added,"-289,444.79"
01/27/2025,1773,Check,Jimenez Corporation,Sharon Woods,,280.62,,,,"-289,725.41"
01/27/2025,1744,Check,Jeffrey Carter,Donna Nguyen,Provider,97.26,,Reconciled,Manually added,"-289,822.67"
01/23/2025,1692,Check,Chavez Company,Sarah Bell,Provider,392.96,,Reconciled,Manually added,"-290,215.63"
01/22/2025,1735,Check,Campbell Company,Dorothy Robinson,CMS Lien,"1,991.50",,Reconciled,Manually added,"-292,207.13"
01/22/2025,1733,Check,Roberts Solutions Inc,Dorothy Robinson,HMS lien,763.14,,Reconciled,Manually added,"-292,970.27"
01/22/2025,1732,Check,Nancy Alexander,Larry Hunt,Settlement to client,"107,734.74",,Reconciled,Manually added,"-400,705.01"
01/21/2025,1767,Check,"Perez, Thompson & Associates",Linda Weaver,CJ Reimbursement,6.94,,Reconciled,Manually added,"-400,711.95"
01/21/2025,1766,Check,"Perez, Thompson & Associates",Linda Weaver,Lawyer Fee,"2,683.34",,Reconciled,Manually added,"-403,395.29"
01/21/2025,1765,Check,"Perez, Thompson & Associates",Edward Washington,CJ Reimbursement,9.68,,Reconciled,Manually added,"-403,404.97"
01/21/2025,1764,Check,"Perez, Thompson & Associates",Edward Washington,Lawyer Fee,"21,440.10",,Reconciled,Manually added,"-424,845.07"
01/21/2025,1763,Check,"Perez, Thompson & Associates",William Coleman,Lawyer Fee,"6,597.59",,Reconciled,Manually added,"-431,442.66"
01/21/2025,1762,Check,"Perez, Thompson & Associates",William Coleman,CJ Reimbursement,9.31,,Reconciled,Manually added,"-431,451.97"
01/21/2025,1758,Check,"Perez, Thompson & Associates",Edward Ford,CJ Reimbursement,10.08,,Reconciled,Manually added,"-431,462.05"
01/21/2025,1757,Check,"Perez, Thompson & Associates",Edward Ford,Lawyer Fee,"9,816.42",,Reconciled,Manually added,"-441,278.47"
01/21/2025,1756,Check,"Perez, Thompson & Associates",Helen Cooper,CJ Reimbursement,11.63,,Reconciled,Manually added,"-441,290.10"
01/21/2025,1755,Check,"Perez, Thompson & Associates",Helen Cooper,Lawyer Fee,"5,884.03",,Reconciled,Manually added,"-447,174.13"
01/21/2025,1754,Check,"Perez, Thompson & Associates",Michael Soto,CJ Reimbursement,13.13,,Reconciled,Manually added,"-447,187.26"
01/21/2025,1753,Check,"Perez, Thompson & Associates",Michael Soto,Lawyer Fee,"3,728.72",,Reconciled,Manually added,"-450,915.98"
01/21/2025,1752,Check,"Perez, Thompson & Associates",Laura Adams,CJ Reimbursement,14.21,,Reconciled,Manually added,"-450,930.19"
01/21/2025,1751,Check,"Perez, Thompson & Associates",Laura Adams,Lawyer Fee,"76,065.94",,Reconciled,Manually added,"-526,996.13"
01/21/2025,1750,Check,"Perez, Thompson & Associates",Dorothy Robinson,CJ Reimbursement,6.63,,Reconciled,Manually added,"-527,002.76"
01/21/2025,1749,Check,"Perez, Thompson & Associates",Dorothy Robinson,Lawyer Fee,"4,974.20",,Reconciled,Manually added,"-531,976.96"
01/21/2025,1748,Check,"Perez, Thompson & Associates",Kevin Ellis,CJ Reimbursement,7.59,,Reconciled,Manually added,"-531,984.55"
01/21/2025,1747,Check,"Perez, Thompson & Associates",Kevin Ellis,Lawyer Fee,"5,315.81",,Reconciled,Manually added,"-537,300.36"
01/21/2025,1743,Check,Kimberly Gibson,Larry Hunt,Provider,454.16,,Reconciled,Manually added,"-537,754.52"
01/17/2025,1739,Check,Matthew Vasquez,Kevin Ellis,Settlement to client,"9,009.91",,Reconciled,Manually added,"-546,764.43"
01/15/2025,1742,Check,"Perez, Thompson & Associates",Larry Hunt,Case expenses reimbursement,"2,169.63",,Reconciled,Manually added,"-548,934.06"
01/15/2025,1741,Check,"Perez, Thompson & Associates",Larry Hunt,CJ Reimbursement,10.67,,Reconciled,Manually added,"-548,944.73"
01/15/2025,1740,Check,"Perez, Thompson & Associates",Larry Hunt,Lawyer Fee,"51,872.46",,Reconciled,Manually added,"-600,817.19"
01/15/2025,,Deposit,Martinez Insurance Company,George Walker,,,"64,387.49",Reconciled,,"-536,429.70"
01/15/2025,,Deposit,Amy Parker,Michael Miller,,,"81,315.22",Reconciled,,"-455,114.48"
01/15/2025,,Deposit,Torres Insurance Company,Margaret Lopez,,,"33,611.21",Reconciled,,"-421,503.27"
01/15/2025,,Deposit,Wallace Mutual Insurance,Daniel Anderson,,,"38,605.92",Reconciled,,"-382,897.35"
01/13/2025,1731,Check,Thomas Vasquez,Michael Soto,Settlement to client,"11,770.81",,Reconciled,Manually added,"-394,668.16"
01/13/2025,1723,Check,Donald Walker,Cole Solutions Inc,Release of escrow funds,958.44,,Reconciled,Manually added,"-395,626.60"
01/10/2025,1730,Check,Joseph Spencer,Laura Adams,Settlement to client,"57,341.38",,Reconciled,Manually added,"-452,967.98"
01/09/2025,,Deposit,Jones Insurance Group,Larry Hunt,,,"270,260.76",Reconciled,,"-182,707.22"
01/06/2025,1721,Check,Jennifer Sanders,Brenda Kelly,Settlement to client,"19,343.16",,Reconciled,Manually added,"-202,050.38"
01/06/2025,1710,Check,Miller Company,David Smith,Provider,742.98,,Reconciled,Manually added,"-202,793.36"
01/06/2025,1708,Check,Wood Corporation,David Smith,Provider,282.08,,Reconciled,Manually added,"-203,075.44"
01/06/2025,1704,Check,Miller Company,Susan Wilson,Provider,"2,003.26",,Reconciled,Manually added,"-205,078.70"
01/06/2025,1702,Check,Wood Corporation,Susan Wilson,Provider,870.33,,Reconciled,Manually added,"-205,949.03"
12/30/2024,1720,Check,Mark Patterson,Jessica Fisher,Provider,363.00,,Reconciled,Manually added,"-206,312.03"
12/26/2024,1729,Check,Jason Freeman,Dorothy Robinson,Settlement to client,"8,304.61",,Reconciled,Manually added,"-214,616.64"
12/24/2024,1727,Check,Deborah Roberts,Benjamin Hunt,Release of escrow funds,"3,999.11",,Reconciled,Manually added,"-218,615.75"
12/20/2024,1724,Check,Jason Campbell,Benjamin Hunt,Provider,310.45,,Reconciled,Manually added,"-218,926.20"
12/18/2024,1728,Check,Dorothy Rivera,Edward Ford,Settlement to client,"18,148.88",,Reconciled,Manually added,"-237,075.08"
12/16/2024,1722,Check,Roberts Solutions Inc,Brenda Kelly,Medicaid lien,"1,232.68",,Reconciled,Manually added,"-238,307.76"
12/09/2024,1719,Check,Patricia Brown,Edward Washington,Settlement to client,"43,336.91",,Reconciled,Manually added,"-281,644.67"
12/09/2024,1717,Check,Roberts Solutions Inc,Amy Murphy,HMS lien,546.72,,Reconciled,Manually added,"-282,191.39"
12/09/2024,1714,Check,Patricia Jimenez,Jessica Fisher,Release of escrow funds,"2,812.49",,Reconciled,Manually added,"-285,003.88"
12/09/2024,1699,Check,Sharon Flores,Ross Solutions Inc,Provider,127.99,,Reconciled,Manually added,"-285,131.87"
12/06/2024,,Deposit,Harris Insurance Company,Alexander Schmidt,,,"402,875.51",Reconciled,,"117,743.64"
12/06/2024,,Deposit,Evans Insurance Group,Pamela Shaw,,,"137,682.57",Reconciled,,"255,426.21"
12/06/2024,,Deposit,Anderson Mutual Insurance,Laura Adams,,,"142,788.04",Reconciled,,"398,214.25"
12/06/2024,,Deposit,Anderson Mutual Insurance,Laura Roberts,,,"153,651.20",Reconciled,,"551,865.45"
12/06/2024,,Deposit,Powell Insurance Group,Angela Crawford,,,"109,521.57",Reconciled,,"661,387.02"
12/06/2024,,Deposit,Amy Parker,Patrick Gray,,,"39,163.71",Reconciled,,"700,550.73"
12/06/2024,,Deposit,Amy Parker,Nancy Perez,,,"23,204.95",Reconciled,,"723,755.68"
12/06/2024,,Deposit,Amy Parker,Deborah King,,,"28,333.14",Reconciled,,"752,088.82"
12/06/2024,,Deposit,Amy Parker,Edward Ford,,,"38,345.39",Reconciled,,"790,434.21"
12/06/2024,,Deposit,Mendoza Corporation,Jonathan Stewart,,,"26,420.65",Reconciled,,"816,854.86"
12/06/2024,,Deposit,Torres Insurance Company,Barbara Johnson,,,"17,507.95",Reconciled,,"834,362.81"
12/06/2024,,Deposit,Jonathan Evans,Christopher Lee,,,"14,245.61",Reconciled,,"848,608.42"
12/06/2024,,Deposit,Jonathan Evans,Angela Phillips,,,"17,437.88",Reconciled,,"866,046.30"
12/06/2024,,Deposit,Mendoza Corporation,Michael Soto,,,"21,317.65",Reconciled,,"887,363.95"
12/03/2024,1716,Check,Paul Wallace,Amy Murphy,Release of escrow funds,274.66,,Reconciled,Manually added,"887,089.29"
12/03/2024,,Deposit,Amy Parker,Edward Washington,,,"51,472.93",Reconciled,,"938,562.22"
12/03/2024,,Deposit,Richardson Insurance Group,Justin Gutierrez,,,"22,866.01",Reconciled,,"961,428.23"
12/03/2024,,Deposit,Torres Insurance Company,Shirley Guzman,,,"14,495.61",Reconciled,,"975,923.84"
12/03/2024,,Deposit,Torres Insurance Company,Kevin Ellis,,,"16,815.35",Reconciled,,"992,739.19"
12/02/2024,1713,Check,Gary Campbell,Linda Weaver,Settlement to client,"24,657.06",,Reconciled,Manually added,"968,082.13"
11/29/2024,1709,Check,Walker Company,David Smith,Provider,"1,594.48",,Reconciled,Manually added,"966,487.65"
11/29/2024,1703,Check,Hernandez Company,Susan Wilson,Provider,287.47,,Reconciled,Manually added,"966,200.18"
11/27/2024,1711,Check,Paul Ellis,David Smith,Provider,"1,193.21",,Reconciled,Manually added,"965,006.97"
11/27/2024,1694,Check,Campbell Company,Sarah Bell,Provider,"9,272.98",,Reconciled,Manually added,"955,733.99"
11/27/2024,1693,Check,Campbell Company,Sarah Bell,Provider,71.15,,Reconciled,Manually added,"955,662.84"
11/26/2024,1715,Check,Elizabeth Grant,William Coleman,Settlement to client,"2,852.39",,Reconciled,Manually added,"952,810.45"
11/25/2024,1712,Check,Christopher Gonzalez,Barbara Bell,Release of escrow funds,"1,221.91",,Reconciled,Manually added,"951,588.54"
11/25/2024,1700,Check,Simmons Solutions Inc,Ross Solutions Inc,Provider,"1,569.72",,Reconciled,Manually added,"950,018.82"
11/25/2024,1697,Check,Michelle Bryant,Samuel Chavez,Provider,674.97,,Reconciled,Manually added,"949,343.85"
11/25/2024,1695,Check,Bell Solutions Inc,Samuel Chavez,Provider,248.98,,Reconciled,Manually added,"949,094.87"
11/25/2024,,Deposit,Anthony Romero,William Coleman,,,"23,108.73",Reconciled,,"972,203.60"
11/22/2024,1706,Check,Roberts Solutions Inc,David Smith,Provider,59.34,,Reconciled,Manually added,"972,144.26"
11/22/2024,1696,Check,Green Services LLC,Samuel Chavez,Provider,140.66,,Reconciled,Manually added,"972,003.60"
11/21/2024,1707,Check,Brooks Solutions Inc,David Smith,Provider,373.15,,Reconciled,Manually added,"971,630.45"
11/21/2024,1701,Check,Brooks Solutions Inc,Susan Wilson,Provider,"1,326.50",,Reconciled,Manually added,"970,303.95"
11/21/2024,1698,Check,Reyes Corporation,Ross Solutions Inc,Provider,669.76,,Reconciled,Manually added,"969,634.19"
11/21/2024,,Deposit,Morgan Mutual Insurance,Linda Weaver,,,"38,619.47",Reconciled,,"1,008,253.66"
11/19/2024,1705,Check,Joseph Perry,David Smith,,690.99,,,,"1,007,562.67"
11/14/2024,1691,Check,Scott Kim,Helen Cooper,Settlement to client,"7,669.89",,Reconciled,Manually added,"999,892.78"
11/12/2024,,Deposit,Mendoza Corporation,Helen Cooper,,,"11,881.75",Reconciled,,"1,011,774.53"
10/25/2024,1665,Check,Timothy Henry,Melissa Young,Settlement to client,"181,880.56",,Reconciled,Manually added,"829,893.97"
10/24/2024,1690,Check,"Perez, Thompson & Associates",Mark Lewis,CJ Reimbursement,7.07,,Reconciled,Manually added,"829,886.90"
10/24/2024,1689,Check,"Perez, Thompson & Associates",Mark Lewis,Lawyer Fee,"9,313.30",,Reconciled,Manually added,"820,573.60"
10/24/2024,1688,Check,"Perez, Thompson & Associates",James Ruiz,CJ Reimbursement,6.48,,Reconciled,Manually added,"820,567.12"
10/24/2024,1687,Check,"Perez, Thompson & Associates",James Ruiz,Lawyer Fee,"46,728.78",,Reconciled,Manually added,"773,838.34"
10/24/2024,1686,Check,"Perez, Thompson & Associates",Donna Nguyen,Filing fee reimbursement,254.24,,Reconciled,Manually added,"773,584.10"
10/24/2024,1685,Check,"Perez, Thompson & Associates",Donna Nguyen,CJ Reimbursement,13.62,,Reconciled,Manually added,"773,570.48"
10/24/2024,1684,Check,"Perez, Thompson & Associates",Donna Nguyen,Lawyer Fee,"44,807.27",,Reconciled,Manually added,"728,763.21"
10/24/2024,1683,Check,"Perez, Thompson & Associates",Katherine Ramos,CJ Reimbursement,9.39,,Reconciled,Manually added,"728,753.82"
10/24/2024,1682,Check,"Perez, Thompson & Associates",Katherine Ramos,Lawyer Fee,"11,340.42",,Reconciled,Manually added,"717,413.40"
10/24/2024,1681,Check,"Perez, Thompson & Associates",Melissa Young,CJ Reimbursement,13.32,,Reconciled,Manually added,"717,400.08"
10/24/2024,1680,Check,"Perez, Thompson & Associates",Melissa Young,Lawyer Fee,"157,754.51",,Reconciled,Manually added,"559,645.57"
10/24/2024,1679,Check,"Perez, Thompson & Associates",Robert Daniels,CJ Reimbursement,11.88,,Reconciled,Manually added,"559,633.69"
10/24/2024,1678,Check,"Perez, Thompson & Associates",Robert Daniels,Lawyer Fee,"11,804.45",,Reconciled,Manually added,"547,829.24"
10/24/2024,1677,Check,"Perez, Thompson & Associates",Paul Wright,Lawyer Fee,"8,898.04",,Reconciled,Manually added,"538,931.20"
10/24/2024,1676,Check,"Perez, Thompson & Associates",Paul Wright,Medical Records,54.62,,Reconciled,Manually added,"538,876.58"
10/24/2024,1675,Check,"Perez, Thompson & Associates",Paul Wright,CJ Reimbursement,8.71,,Reconciled,Manually added,"538,867.87"
10/24/2024,1673,Check,"Perez, Thompson & Associates",Susan Jenkins,CJ Reimbursement,14.20,,Reconciled,Manually added,"538,853.67"
10/24/2024,1672,Check,"Perez, Thompson & Associates",Susan Jenkins,Lawyer Fee,"27,860.45",,Reconciled,Manually added,"510,993.22"
10/24/2024,1671,Check,"Perez, Thompson & Associates",Linda Myers,CJ Reimbursement,13.86,,Reconciled,Manually added,"510,979.36"
10/24/2024,1670,Check,"Perez, Thompson & Associates",Linda Myers,Lawyer Fee,"36,445.53",,Reconciled,Manually added,"474,533.83"
10/24/2024,1669,Check,"Perez, Thompson & Associates",Patricia Alvarez,CJ Reimbursement,13.87,,Reconciled,Manually added,"474,519.96"
10/24/2024,1668,Check,"Perez, Thompson & Associates",Patricia Alvarez,Lawyer Fee,"23,495.07",,Reconciled,Manually added,"451,024.89"
10/18/2024,1667,Check,Eric Collins,James Ruiz,Settlement to client,"85,433.01",,Reconciled,Manually added,"365,591.88"
10/16/2024,1662,Check,Paul Ellis,Ronald Wells,Provider,"4,657.70",,Reconciled,Manually added,"360,934.18"
10/15/2024,1666,Check,Jessica Thomas,Robert Daniels,Settlement to client,"36,124.94",,Reconciled,Manually added,"324,809.24"
10/10/2024,1657,Check,Rebecca Fernandez,Donna Nguyen,Settlement to client,"71,885.32",,Reconciled,Manually added,"252,923.92"
10/08/2024,1663,Check,Joseph Perry,Ronald Wells,Provider,896.88,,,,"252,027.04"
10/08/2024,1656,Check,Ronald Nelson,Katherine Ramos,Settlement to client,"9,370.15",,Reconciled,Manually added,"242,656.89"
10/02/2024,1661,Check,David Sullivan,Mark Lewis,Settlement to client,"15,922.50",,Reconciled,Manually added,"226,734.39"
10/01/2024,1658,Check,William Hernandez,James Ryan,Provider,688.82,,Reconciled,Manually added,"226,045.57"
10/01/2024,,Deposit,Torres Insurance Company,James Ruiz,,,"116,419.47",Reconciled,,"342,465.04"
10/01/2024,,Deposit,Jonathan Evans,Mark Lewis,,,"24,502.03",Reconciled,,"366,967.07"
10/01/2024,,Deposit,Jonathan Evans,Mark Lewis,,,"3,933.28",Reconciled,,"370,900.35"
09/30/2024,1660,Check,William Hernandez,Jack Salazar,Provider,447.04,,Reconciled,Manually added,"370,453.31"
09/30/2024,1659,Check,William Hernandez,Dennis Nichols,Provider,452.73,,Reconciled,Manually added,"370,000.58"
09/18/2024,1651,Check,Reynolds Medical Group,Barbara Gardner,Provider,"4,336.41",,Reconciled,Manually added,"365,664.17"
09/17/2024,1655,Check,Christine Mills,Paul Wright,Settlement to client,"13,129.11",,Reconciled,Manually added,"352,535.06"
09/17/2024,1619,Check,Chavez Company,Carolyn Stephens,Provider,"2,127.81",,Reconciled,Manually added,"350,407.25"
09/16/2024,1653,Check,Jessica Hawkins,Barbara Gardner,Release of escrow funds,"1,138.09",,Reconciled,Manually added,"349,269.16"
09/09/2024,1654,Check,Carol Gibson,Patricia Alvarez,Settlement to client,"56,873.80",,Reconciled,Manually added,"292,395.36"
09/09/2024,1652,Check,Brooks Solutions Inc,Barbara Gardner,Provider,"3,288.89",,Reconciled,Manually added,"289,106.47"
09/06/2024,1616,Check,Sharon Mitchell,Donna Cole,Provider,"2,828.85",,Reconciled,Manually added,"286,277.62"
09/06/2024,,Deposit,Jonathan Evans,Paul Wright,,,"2,849.14",Reconciled,,"289,126.76"
08/29/2024,1650,Check,Robert Williams,Susan Jenkins,Settlement to client,"53,287.90",,Reconciled,Manually added,"235,838.86"
08/29/2024,1649,Check,Raymond Wagner,Linda Myers,Settlement to client,"58,091.30",,Reconciled,Manually added,"177,747.56"
08/20/2024,,Deposit,Thompson Insurance Group,Linda Myers,,,"66,610.59",Reconciled,,"244,358.15"
08/20/2024,,Deposit,Thompson Insurance Group,Susan Jenkins,,,"66,684.26",Reconciled,,"311,042.41"
08/20/2024,,Deposit,Jonathan Evans,Katherine Ramos,,,"20,398.62",Reconciled,,"331,441.03"
08/20/2024,,Deposit,Amy Parker,Paul Wright,,,"16,636.95",Reconciled,,"348,077.98"
08/20/2024,,Deposit,Amy Parker,Ryan Collins,,,"17,931.78",Reconciled,,"366,009.76"
08/20/2024,,Deposit,Amy Parker,Edward Green,,,"13,889.49",Reconciled,,"379,899.25"
08/19/2024,1646,Check,Amanda Ramirez,James Ryan,Settlement to client,"167,537.35",,Reconciled,Manually added,"212,361.90"
08/19/2024,1639,Check,Nicole Cox,Sharon Woods,Settlement to client,"80,952.04",,Reconciled,Manually added,"131,409.86"
08/19/2024,1466,Check,Lisa Fisher,Patrick Meyer,Provider,71.19,,Reconciled,Manually added,"131,338.67"
08/16/2024,1648,Check,"Perez, Thompson & Associates",James Ryan,CJ Reimbursement,14.40,,Reconciled,Manually added,"131,324.27"
08/16/2024,1647,Check,"Perez, Thompson & Associates",James Ryan,Lawyer Fee,"50,214.12",,Reconciled,Manually added,"81,110.15"
08/16/2024,1645,Check,"Perez, Thompson & Associates",Donna Cole,CJ Reimbursement,13.71,,Reconciled,Manually added,"81,096.44"
08/16/2024,1644,Check,"Perez, Thompson & Associates",Donna Cole,Lawyer Fee,"5,706.00",,Reconciled,Manually added,"75,390.44"
08/16/2024,1643,Check,"Perez, Thompson & Associates",Justin Collins,CJ Reimbursement,7.51,,Reconciled,Manually added,"75,382.93"
08/16/2024,1642,Check,"Perez, Thompson & Associates",Justin Collins,Lawyer Fee,"22,372.94",,Reconciled,Manually added,"53,009.99"
08/16/2024,1641,Check,"Perez, Thompson & Associates",Sharon Woods,CJ Reimbursement,9.02,,Reconciled,Manually added,"53,000.97"
08/16/2024,1640,Check,"Perez, Thompson & Associates",Sharon Woods,Lawyer Fee,"18,416.68",,Reconciled,Manually added,"34,584.29"
08/16/2024,1638,Check,"Perez, Thompson & Associates",Rachel Brooks,CJ Reimbursement,13.86,,Reconciled,Manually added,"34,570.43"
08/16/2024,1637,Check,"Perez, Thompson & Associates",Rachel Brooks,Lawyer Fee,"5,661.36",,Reconciled,Manually added,"28,909.07"
08/16/2024,1636,Check,"Perez, Thompson & Associates",Benjamin Hunt,CJ Reimbursement,8.95,,Reconciled,Manually added,"28,900.12"
08/16/2024,1635,Check,"Perez, Thompson & Associates",Benjamin Hunt,Lawyer Fee,"25,676.06",,Reconciled,Manually added,"3,224.06"
08/16/2024,1634,Check,"Perez, Thompson & Associates",Larry Cook,CJ Reimbursement,8.35,,Reconciled,Manually added,"3,215.71"
08/16/2024,1633,Check,"Perez, Thompson & Associates",Larry Cook,Lawyer Fee,"8,769.59",,Reconciled,Manually added,"-5,553.88"
08/16/2024,1632,Check,"Perez, Thompson & Associates",Charles Williams,CJ Reimbursement,10.69,,Reconciled,Manually added,"-5,564.57"
08/16/2024,1631,Check,"Perez, Thompson & Associates",Charles Williams,Lawyer Fee,"12,748.36",,Reconciled,Manually added,"-18,312.93"
08/16/2024,1630,Check,"Perez, Thompson & Associates",Raymond Kim,CJ Reimbursement,12.63,,Reconciled,Manually added,"-18,325.56"
08/16/2024,1629,Check,"Perez, Thompson & Associates",Raymond Kim,Lawyer Fee,"7,131.98",,Reconciled,Manually added,"-25,457.54"
08/16/2024,1628,Check,"Perez, Thompson & Associates",Amy Hunter,CJ Reimbursement,10.88,,Reconciled,Manually added,"-25,468.42"
08/16/2024,1627,Check,"Perez, Thompson & Associates",Amy Hunter,Lawyer Fee,"6,944.51",,Reconciled,Manually added,"-32,412.93"
08/16/2024,1626,Check,"Perez, Thompson & Associates",David Smith,CJ Reimbursement,9.84,,Reconciled,Manually added,"-32,422.77"
08/16/2024,1625,Check,"Perez, Thompson & Associates",David Smith,Lawyer Fee,"4,275.51",,Reconciled,Manually added,"-36,698.28"
08/16/2024,1624,Check,"Perez, Thompson & Associates",Betty Moore,CJ Reimbursement,8.23,,Reconciled,Manually added,"-36,706.51"
08/16/2024,1623,Check,"Perez, Thompson & Associates",Betty Moore,Lawyer Fee,"17,698.44",,Reconciled,Manually added,"-54,404.95"
08/14/2024,1622,Check,Campbell Company,Carolyn Stephens,Provider,777.84,,Reconciled,Manually added,"-55,182.79"
08/13/2024,1621,Check,Pamela Reyes,Carolyn Stephens,Provider,140.32,,Reconciled,Manually added,"-55,323.11"
08/13/2024,1618,Check,Roberts Solutions Inc,Betty Martinez,Provider,217.06,,Reconciled,Manually added,"-55,540.17"
08/12/2024,1607,Check,Martin Corporation,Charles Williams,Provider,67.18,,Reconciled,Manually added,"-55,607.35"
08/09/2024,1620,Check,Hernandez Company,Carolyn Stephens,,556.35,,Reconciled,,"-56,163.70"
08/07/2024,1589,Check,Russell Corporation,Betty Martinez,Provider,321.26,,Reconciled,Manually added,"-56,484.96"
08/02/2024,1531,Check,Reynolds Medical Group,Helen Turner,Provider,311.88,,Reconciled,Manually added,"-56,796.84"
07/26/2024,1613,Check,Karen Martin,Donna Cole,Provider,"1,034.24",,Reconciled,Manually added,"-57,831.08"
07/26/2024,1609,Check,Miller Company,Charles Williams,Provider,188.20,,Reconciled,Manually added,"-58,019.28"
07/24/2024,1556,Check,Hamilton Company,Ronald Wells,Provider,327.74,,Reconciled,Manually added,"-58,347.02"
07/24/2024,1555,Check,Jimenez Corporation,Ronald Wells,Provider,"7,854.15",,Reconciled,Manually added,"-66,201.17"
07/24/2024,,Deposit,Jonathan Evans,Melissa Young,,,"191,326.05",Reconciled,,"125,124.88"
07/24/2024,,Deposit,Torres Insurance Company,Melissa Young,,,"138,721.95",Reconciled,,"263,846.83"
07/24/2024,,Deposit,Torres Insurance Company,Patricia Alvarez,,,"63,638.80",Reconciled,,"327,485.63"
07/24/2024,,Deposit,Torres Insurance Company,Sharon Woods,,,"82,282.18",Reconciled,,"409,767.81"
07/24/2024,,Deposit,Wallace Mutual Insurance,Robert Daniels,,,"51,990.94",Reconciled,,"461,758.75"
07/24/2024,,Deposit,Jonathan Evans,Andrew Lewis,,,"39,063.47",Reconciled,,"500,822.22"
07/24/2024,,Deposit,Mendoza Corporation,Robert Daniels,,,"14,221.06",Reconciled,,"515,043.28"
07/24/2024,,Deposit,Torres Insurance Company,Karen Butler,,,"18,592.97",Reconciled,,"533,636.25"
07/23/2024,1615,Check,Jimenez Corporation,Donna Cole,Provider,502.83,,Reconciled,Manually added,"533,133.42"
07/23/2024,1610,Check,Brooks Solutions Inc,Charles Williams,Provider,337.14,,Reconciled,Manually added,"532,796.28"
07/23/2024,1606,Check,Jimenez Corporation,Charles Williams,Provider,121.32,,Reconciled,Manually added,"532,674.96"
07/18/2024,1614,Check,Paul Ellis,Donna Cole,Provider,"1,863.93",,Reconciled,Manually added,"530,811.03"
07/18/2024,1611,Check,Paul Ellis,Charles Williams,Provider,351.54,,Reconciled,Manually added,"530,459.49"
07/17/2024,1617,Check,Melissa Flores,David Smith,Settlement to client,"5,863.05",,Reconciled,Manually added,"524,596.44"
07/17/2024,1608,Check,Jason Campbell,Charles Williams,Provider,812.80,,Reconciled,Manually added,"523,783.64"
07/16/2024,1593,Check,Fisher Corporation,Justin Collins,Provider,"1,008.80",,Reconciled,Manually added,"522,774.84"
07/12/2024,1612,Check,Brian Hall,Charles Williams,Release of escrow funds,391.39,,Reconciled,Manually added,"522,383.45"
07/12/2024,1605,Check,Christine Black,Raymond Kim,Settlement to client,"11,428.30",,Reconciled,Manually added,"510,955.15"
07/02/2024,1602,Check,Jason Campbell,Larry Cook,Provider,"1,461.13",,Reconciled,Manually added,"509,494.02"
07/02/2024,1601,Check,Jason Campbell,Amy Hunter,Provider,"1,046.03",,Reconciled,Manually added,"508,447.99"
06/27/2024,1538,Check,Joshua Stevens,Amy Murphy,Provider,526.05,,Reconciled,Manually added,"507,921.94"
06/25/2024,1603,Check,Brian Hall,Charles Williams,Settlement to client,"21,712.30",,Reconciled,Manually added,"486,209.64"
06/17/2024,1598,Check,Helen Mason,Larry Cook,Settlement to client,"17,001.80",,Reconciled,Manually added,"469,207.84"
06/14/2024,1600,Check,Shirley Edwards,Amy Hunter,Settlement to client,"16,790.86",,Reconciled,Manually added,"452,416.98"
06/14/2024,1557,Check,Justin Silva,Ronald Wells,Provider,"1,197.00",,Reconciled,Manually added,"451,219.98"
06/12/2024,1554,Check,Taylor Medical Group,Ronald Wells,Provider,"1,037.84",,Reconciled,Manually added,"450,182.14"
06/12/2024,,Deposit,Patricia Ferguson,Donna Nguyen,,,"88,343.44",Reconciled,,"538,525.58"
06/12/2024,,Deposit,Amy Parker,George Walker,,,"35,668.47",Reconciled,,"574,194.05"
06/12/2024,,Deposit,Amy Parker,Amy Hunter,,,"16,355.58",Reconciled,,"590,549.63"
06/12/2024,,Deposit,Amy Parker,Larry Cook,,,"19,333.77",Reconciled,,"609,883.40"
06/10/2024,1586,Check,Sharon Webb,Justin Collins,Settlement to client,"69,673.43",,Reconciled,Manually added,"540,209.97"
06/10/2024,1547,Check,Jacob Stewart,Sharon Parker,Provider,108.34,,Reconciled,Manually added,"540,101.63"
06/07/2024,1542,Check,Jack Price,Sharon Parker,Provider,101.79,,Reconciled,Manually added,"539,999.84"
06/06/2024,1597,Check,Deborah Roberts,Benjamin Hunt,Settlement to client,"24,024.80",,Reconciled,Manually added,"515,975.04"
06/06/2024,1595,Check,Paul Ellis,Justin Collins,Provider,683.43,,Reconciled,Manually added,"515,291.61"
06/06/2024,1537,Check,Butler Corporation,Amy Murphy,Provider,472.95,,Reconciled,Manually added,"514,818.66"
06/05/2024,1594,Check,Flores Corporation,Justin Collins,Provider,"3,046.00",,Reconciled,Manually added,"511,772.66"
06/05/2024,1592,Check,Daniel Hamilton,Dennis Nichols,Provider,127.13,,Reconciled,Manually added,"511,645.53"
06/05/2024,1535,Check,Amy Mitchell,Jack Chavez,Provider,761.71,,Reconciled,Manually added,"510,883.82"
06/04/2024,1596,Check,Moore Solutions Inc,Justin Collins,Provider,"1,350.68",,Reconciled,Manually added,"509,533.14"
06/04/2024,1591,Check,Brooks Solutions Inc,Emma Boyd,Provider,"1,520.74",,Reconciled,Manually added,"508,012.40"
06/04/2024,1590,Check,Benjamin Rose,Betty Martinez,Provider,134.04,,Reconciled,Manually added,"507,878.36"
06/04/2024,1527,Check,Robinson Solutions Inc,Anthony Clark,Provider,"90,810.48",,Reconciled,Manually added,"417,067.88"
06/03/2024,1587,Check,Susan Barnes,Donna Cole,Settlement to client,"3,222.42",,Reconciled,Manually added,"413,845.46"
06/03/2024,1585,Check,Stephanie Scott,Betty Moore,Settlement to client,"24,752.90",,Reconciled,Manually added,"389,092.56"
06/03/2024,1552,Check,Catherine Fox,Ronald Wells,Provider,"1,227.30",,Reconciled,Manually added,"387,865.26"
05/31/2024,1553,Check,Carol Adams,Ronald Wells,Provider,"1,542.34",,Reconciled,Manually added,"386,322.92"
05/31/2024,1546,Check,Donald Hamilton,Sharon Parker,Provider,96.61,,Reconciled,Manually added,"386,226.31"
05/30/2024,1588,Check,Madison Clinic 75,Betty Martinez,Provider,82.31,,Reconciled,,"386,144.00"
05/30/2024,1560,Check,Allen Medical Group,Ronald Wells,Provider,166.17,,Reconciled,Manually added,"385,977.83"
05/30/2024,1543,Check,Joseph Anderson,Sharon Parker,Provider,279.44,,Reconciled,Manually added,"385,698.39"
05/30/2024,1539,Check,Joseph Gonzales,Amy Murphy,Provider,148.47,,Reconciled,Manually added,"385,549.92"
05/30/2024,1532,Check,Russell Corporation,Helen Turner,Provider,507.70,,Reconciled,Manually added,"385,042.22"
05/30/2024,,Deposit,Torres Insurance Company,Benjamin Hunt,SETTLEMENT FROM GEICO,,"60,567.89",Reconciled,Manually added,"445,610.11"
05/29/2024,1584,Check,"Perez, Thompson & Associates",Helen Turner,CJ Reimbursement,7.17,,Reconciled,Manually added,"445,602.94"
05/29/2024,1583,Check,"Perez, Thompson & Associates",Samuel Holmes,CJ Reimbursement,8.89,,Reconciled,Manually added,"445,594.05"
05/29/2024,1582,Check,"Perez, Thompson & Associates",Samuel Holmes,Filing fee reimbursement,226.71,,Reconciled,Manually added,"445,367.34"
05/29/2024,1581,Check,"Perez, Thompson & Associates",Samuel Holmes,Lawyer Fee,"27,095.08",,Reconciled,Manually added,"418,272.26"
05/29/2024,1580,Check,"Perez, Thompson & Associates",Angela Shaw,CJ Reimbursement,12.28,,Reconciled,Manually added,"418,259.98"
05/29/2024,1579,Check,"Perez, Thompson & Associates",Angela Shaw,Lawyer Fee,"3,888.84",,Reconciled,Manually added,"414,371.14"
05/29/2024,1578,Check,"Perez, Thompson & Associates",Ross Solutions Inc,CJ Reimbursement,8.16,,Reconciled,Manually added,"414,362.98"
05/29/2024,1577,Check,"Perez, Thompson & Associates",Ross Solutions Inc,Lawyer Fee,"5,348.66",,Reconciled,Manually added,"409,014.32"
05/29/2024,1576,Check,"Perez, Thompson & Associates",James Long,CJ Reimbursement,7.05,,Reconciled,Manually added,"409,007.27"
05/29/2024,1575,Check,"Perez, Thompson & Associates",James Long,Lawyer Fee,"5,120.51",,Reconciled,Manually added,"403,886.76"
05/29/2024,1574,Check,"Perez, Thompson & Associates",Sharon Parker,CJ Reimbursement,7.09,,Reconciled,Manually added,"403,879.67"
05/29/2024,1573,Check,"Perez, Thompson & Associates",Sharon Parker,Lawyer Fee,"10,825.11",,Reconciled,Manually added,"393,054.56"
05/29/2024,1571,Check,"Perez, Thompson & Associates",Helen Turner,Lawyer Fee,"5,936.17",,Reconciled,Manually added,"387,118.39"
05/29/2024,1570,Check,"Perez, Thompson & Associates",Samuel Chavez,CJ Reimbursement,7.16,,Reconciled,Manually added,"387,111.23"
05/29/2024,1569,Check,"Perez, Thompson & Associates",Samuel Chavez,Lawyer Fee UIM,"9,505.18",,Reconciled,Manually added,"377,606.05"
05/29/2024,1568,Check,"Perez, Thompson & Associates",Jacob Hall,CJ Reimbursement,9.98,,Reconciled,Manually added,"377,596.07"
05/29/2024,1567,Check,"Perez, Thompson & Associates",Jacob Hall,Lawyer Fee,"5,537.14",,Reconciled,Manually added,"372,058.93"
05/29/2024,1566,Check,"Perez, Thompson & Associates",Ronald Wells,CJ Reimbursement,6.43,,Reconciled,Manually added,"372,052.50"
05/29/2024,1565,Check,"Perez, Thompson & Associates",Ronald Wells,Lawyer Fee,"46,745.76",,Reconciled,Manually added,"325,306.74"
05/29/2024,1564,Check,"Perez, Thompson & Associates",Sarah Bell,CJ Reimbursement,15.36,,Reconciled,Manually added,"325,291.38"
05/29/2024,1563,Check,"Perez, Thompson & Associates",Sarah Bell,Lawyer Fee,"15,681.19",,Reconciled,Manually added,"309,610.19"
05/29/2024,1562,Check,"Perez, Thompson & Associates",Carolyn Stephens,CJ Reimbursement,14.57,,Reconciled,Manually added,"309,595.62"
05/29/2024,1561,Check,"Perez, Thompson & Associates",Carolyn Stephens,Lawyer Fee,"21,168.45",,Reconciled,Manually added,"288,427.17"
05/29/2024,1551,Check,Kevin Clark,Ronald Wells,Provider,435.11,,Reconciled,Manually added,"287,992.06"
05/29/2024,1545,Check,Watson Services LLC,Sharon Parker,Provider,419.81,,Reconciled,Manually added,"287,572.25"
05/29/2024,1529,Check,Shirley Rogers,Samuel Holmes,Provider,"1,206.22",,Reconciled,Manually added,"286,366.03"
05/29/2024,1512,Check,Kenneth Ford,Ross Solutions Inc,Settlement to client,"9,001.68",,Reconciled,Manually added,"277,364.35"
05/29/2024,,Deposit,Harris Insurance Company,Justin Collins,Settlement from NJM,,"96,706.41",Reconciled,Manually added,"374,070.76"
05/28/2024,1544,Check,Hill Company,Sharon Parker,Provider,161.65,,Reconciled,Manually added,"373,909.11"
05/28/2024,1525,Check,Wood Corporation,Anthony Clark,Provider,430.37,,Reconciled,Manually added,"373,478.74"
05/24/2024,1540,Check,Brian Torres,Patrick Robertson,Provider,"1,567.85",,Reconciled,Manually added,"371,910.89"
05/22/2024,1541,Check,Gonzales Company,Patrick Robertson,Provider,280.38,,Reconciled,Manually added,"371,630.51"
05/21/2024,1534,Check,Thomas Smith,Jack Chavez,Provider,728.09,,Reconciled,Manually added,"370,902.42"
05/21/2024,1533,Check,Price Company,Jack Chavez,Provider,953.11,,Reconciled,Manually added,"369,949.31"
05/21/2024,1528,Check,Phillips Corporation,Samuel Holmes,HMS,768.52,,Reconciled,Manually added,"369,180.79"
05/21/2024,1523,Check,Taylor Medical Group,Anthony Clark,Provider,"75,388.49",,Reconciled,Manually added,"293,792.30"
05/20/2024,1530,Check,Price Company,Samuel Holmes,Provider,"1,434.34",,Reconciled,Manually added,"292,357.96"
05/20/2024,1526,Check,Margaret Moreno,Anthony Clark,Provider,"1,886.19",,Reconciled,Manually added,"290,471.77"
05/20/2024,1524,Check,Cynthia Phillips,Anthony Clark,Provider,171.86,,Reconciled,Manually added,"290,299.91"
05/17/2024,1536,Check,Emily Moreno,Jack Chavez,Client (Release of Escrow),226.17,,Reconciled,,"290,073.74"
05/17/2024,1522,Check,White Corporation,Anthony Clark,Provider,"1,000.55",,Reconciled,Manually added,"289,073.19"
05/16/2024,1521,Check,Fairview Clinic 119,Anthony Clark,Provider,487.91,,Reconciled,Manually added,"288,585.28"
05/15/2024,1519,Check,Rebecca Turner,Samuel Chavez,Uim settlement to client,"16,235.97",,Reconciled,Manually added,"272,349.31"
05/10/2024,1520,Check,Stephanie Baker,Rachel Brooks,Settlement to client,"13,092.13",,Reconciled,Manually added,"259,257.18"
05/09/2024,,Deposit,Jonathan Evans,Rachel Brooks,,,"12,480.16",Reconciled,,"271,737.34"
05/03/2024,1518,Check,Laura Edwards,Sarah Bell,Settlement to client,"25,154.97",,Reconciled,Manually added,"246,582.37"
05/03/2024,1517,Check,Andrew Medina,Carolyn Stephens,Settlement to client,"36,582.99",,Reconciled,Manually added,"209,999.38"
05/01/2024,1516,Check,Nancy Barnes,Sharon Parker,Settlement to client,"23,268.51",,Reconciled,Manually added,"186,730.87"
04/30/2024,1508,Check,Amanda Tran,Patrick Robertson,Provider,"1,631.06",,Reconciled,Manually added,"185,099.81"
04/29/2024,1515,Check,William Payne,Samuel Holmes,Settlement to client,"47,833.97",,Reconciled,Manually added,"137,265.84"
04/29/2024,,Deposit,Torres Insurance Company,Pamela Shaw,,,"131,211.57",Reconciled,,"268,477.41"
04/29/2024,,Deposit,Torres Insurance Company,Betty Moore,,,"35,472.93",Reconciled,,"303,950.34"
04/29/2024,,Deposit,Amy Parker,Charles Williams,,,"26,702.68",Reconciled,,"330,653.02"
04/29/2024,,Deposit,Jonathan Evans,Linda Myers,,,"13,113.78",Reconciled,,"343,766.80"
04/29/2024,,Deposit,Jonathan Evans,Susan Jenkins,,,"9,858.33",Reconciled,,"353,625.13"
04/29/2024,,Deposit,Richardson Insurance Group,Betty Moore,,,"9,916.27",Reconciled,,"363,541.40"
04/29/2024,,Deposit,Richardson Insurance Group,Sharon Parker,BI SETTLEMENT FROM INS. CO.,,"37,734.08",Reconciled,Manually added,"401,275.48"
04/15/2024,1511,Check,Kathleen Morris,Jacob Hall,Bi settlement to client,"14,981.88",,Reconciled,Manually added,"386,293.60"
04/05/2024,1514,Check,Cynthia Baker,Helen Turner,Settlement to client,"5,847.92",,Reconciled,Manually added,"380,445.68"
04/01/2024,1494,Check,Paul Wallace,Amy Murphy,Settlement to client,"9,556.95",,Reconciled,Manually added,"370,888.73"
03/29/2024,1513,Check,John Nichols,Angela Shaw,BI Settlement to client,"14,650.22",,Reconciled,Manually added,"356,238.51"
03/28/2024,1509,Check,Morales Company,Patrick Robertson,Provider,678.12,,Reconciled,Manually added,"355,560.39"
03/28/2024,,Deposit,West Insurance Group,Angela Shaw,SETTLEMENT CHECK,,"21,722.93",Reconciled,Manually added,"377,283.32"
03/26/2024,,Deposit,Amy Parker,Jacob Hall,BI settlement check,,"23,258.80",Reconciled,Manually added,"400,542.12"
03/19/2024,1486,Check,Brown Corporation,Katherine Palmer,Provider,196.30,,Reconciled,Manually added,"400,345.82"
03/14/2024,1510,Check,Donald Thompson,Daniel Thompson,Release of escrow funds,"1,712.09",,Reconciled,Manually added,"398,633.73"
03/11/2024,1506,Check,Jerry Soto,Ronald Wells,Settlement to client,"72,942.55",,Reconciled,Manually added,"325,691.18"
03/05/2024,1507,Check,Lisa Thomas,James Long,Settlement to client,"7,806.93",,Reconciled,Manually added,"317,884.25"
03/01/2024,1505,Check,"Perez, Thompson & Associates",Amy Murphy,CJ Reimbursement,7.23,,Reconciled,Manually added,"317,877.02"
03/01/2024,1504,Check,"Perez, Thompson & Associates",Amy Murphy,Lawyer Fee,"3,076.90",,Reconciled,Manually added,"314,800.12"
03/01/2024,1503,Check,"Perez, Thompson & Associates",Betty Martinez,CJ Reimbursement,14.02,,Reconciled,Manually added,"314,786.10"
03/01/2024,1502,Check,"Perez, Thompson & Associates",Betty Martinez,Lawyer Fee,"13,995.76",,Reconciled,Manually added,"300,790.34"
03/01/2024,1501,Check,"Perez, Thompson & Associates",Patrick Robertson,CJ Reimbursement,10.25,,Reconciled,Manually added,"300,780.09"
03/01/2024,1500,Check,"Perez, Thompson & Associates",Patrick Robertson,Lawyer Fee,"8,944.64",,Reconciled,Manually added,"291,835.45"
03/01/2024,1499,Check,"Perez, Thompson & Associates",Anthony Clark,Lawyer Fee,"289,892.79",,Reconciled,Manually added,"1,942.66"
03/01/2024,1498,Check,"Perez, Thompson & Associates",Anthony Clark,CJ Reimbursement,7.21,,Reconciled,Manually added,"1,935.45"
03/01/2024,1497,Check,"Perez, Thompson & Associates",Anthony Clark,Translation reimb.,217.03,,Reconciled,Manually added,"1,718.42"
03/01/2024,1496,Check,"Perez, Thompson & Associates",Anthony Clark,Life care plan reimb.,"1,960.11",,Reconciled,Manually added,-241.69
03/01/2024,1495,Check,"Perez, Thompson & Associates",Anthony Clark,Narrative report reimb.,"1,937.06",,Reconciled,Manually added,"-2,178.75"
02/27/2024,1493,Check,Benjamin Reed,Patrick Robertson,Settlement to client,"14,790.52",,Reconciled,Manually added,"-16,969.27"
02/27/2024,1467,Check,Jimenez Corporation,Kimberly King,Provider,"1,292.31",,Reconciled,Manually added,"-18,261.58"
02/27/2024,1462,Check,Jimenez Corporation,Patrick Meyer,Provider,"7,724.25",,Reconciled,Manually added,"-25,985.83"
02/23/2024,1492,Check,Joshua Hill,Jerry Meyer,Partial release of Jeffrey Washingtonust funds,397.86,,Reconciled,Manually added,"-26,383.69"
02/23/2024,1491,Check,Mary Hughes,Anthony Clark,Release of escrow funds,"24,784.08",,Reconciled,Manually added,"-51,167.77"
02/23/2024,1490,Check,Mary Hughes,Anthony Clark,Settlement to client,"335,004.04",,Reconciled,Manually added,"-386,171.81"
02/21/2024,1485,Check,Reynolds Medical Group,Katherine Palmer,Provider,119.88,,Reconciled,Manually added,"-386,291.69"
02/21/2024,1461,Check,Scott Snyder,Patrick Meyer,Provider,"1,577.21",,Reconciled,Manually added,"-387,868.90"
02/16/2024,1458,Check,Howard & Ramos Medical Associates,Charles Hernandez,Provider,804.04,,Reconciled,Manually added,"-388,672.94"
02/09/2024,1484,Check,Joseph Gonzales,Eric Silva,Provider,"2,579.20",,Reconciled,Manually added,"-391,252.14"
02/08/2024,1488,Check,Russell Corporation,Donald Anderson,Provider,431.90,,Reconciled,Manually added,"-391,684.04"
02/08/2024,1487,Check,Hernandez Company,Donald Anderson,Provider,"1,052.68",,Reconciled,Manually added,"-392,736.72"
02/08/2024,1483,Check,Ryan Wells,Eric Silva,Provider,903.50,,Reconciled,Manually added,"-393,640.22"
02/07/2024,1482,Check,Joshua Stevens,Eric Silva,Provider,628.14,,Reconciled,Manually added,"-394,268.36"
02/07/2024,1465,Check,Amanda Tran,Patrick Meyer,Provider,133.86,,Reconciled,Manually added,"-394,402.22"
02/05/2024,1489,Check,Fairview Clinic,Anna Bailey,Provider,310.16,,Reconciled,Manually added,"-394,712.38"
02/02/2024,1468,Check,Jordan Corporation,Kimberly King,Provider,39.96,,Reconciled,Manually added,"-394,752.34"
02/02/2024,1460,Check,Sharon Mitchell,Patrick Meyer,Provider,"1,237.61",,Reconciled,Manually added,"-395,989.95"
02/01/2024,1481,Check,Debra Richardson,Betty Griffin,Settlement to client,"8,422.29",,Reconciled,Manually added,"-404,412.24"
01/31/2024,1480,Check,"Perez, Thompson & Associates",Susan Wilson,Lawyer Fee,"5,464.00",,Reconciled,Manually added,"-409,876.24"
01/31/2024,1479,Check,"Perez, Thompson & Associates",Susan Wilson,CJ Reimbursement,13.15,,Reconciled,Manually added,"-409,889.39"
01/31/2024,1478,Check,"Perez, Thompson & Associates",Susan Wilson,Lawyer Fee,"4,616.71",,Reconciled,Manually added,"-414,506.10"
01/31/2024,1477,Check,"Perez, Thompson & Associates",Eric Silva,CJ Reimbursement,11.37,,Reconciled,Manually added,"-414,517.47"
01/31/2024,1476,Check,"Perez, Thompson & Associates",Eric Silva,Lawyer Fee,"28,318.28",,Reconciled,Manually added,"-442,835.75"
01/31/2024,1475,Check,"Perez, Thompson & Associates",Katherine Palmer,CJ Reimbursement,6.67,,Reconciled,Manually added,"-442,842.42"
01/31/2024,1474,Check,"Perez, Thompson & Associates",Katherine Palmer,Lawyer Fee,"34,920.20",,Reconciled,Manually added,"-477,762.62"
01/31/2024,1473,Check,"Perez, Thompson & Associates",Jerry Meyer,CJ Reimbursement,6.51,,Reconciled,,"-477,769.13"
01/31/2024,1472,Check,"Perez, Thompson & Associates",Jerry Meyer,Lawyer Fee,"7,526.34",,Reconciled,Manually added,"-485,295.47"
01/31/2024,1470,Check,Scott Corporation,Kimberly King,Provider,839.99,,Reconciled,Manually added,"-486,135.46"
01/30/2024,1469,Check,Jason Hill,Kimberly King,Provider,541.26,,Reconciled,Manually added,"-486,676.72"
01/30/2024,1464,Check,Taylor Medical Group,Patrick Meyer,Provider,"6,476.14",,Reconciled,Manually added,"-493,152.86"
01/30/2024,1463,Check,Allen Medical Group,Patrick Meyer,Provider,"1,093.32",,Reconciled,Manually added,"-494,246.18"
01/29/2024,1471,Check,Nicholas Cook,Katherine Palmer,Settlement to Client,"91,061.85",,Reconciled,Manually added,"-585,308.03"
01/24/2024,1459,Check,Joshua Hill,Jerry Meyer,Settlement to client,"21,843.24",,Reconciled,Manually added,"-607,151.27"
01/24/2024,,Deposit,Jonathan Evans,Katherine Palmer,,,"103,859.68",Reconciled,,"-503,291.59"
01/24/2024,,Deposit,Mendoza Corporation,Katherine Palmer,Settlement Check,,"14,857.52",Reconciled,,"-488,434.07"
01/24/2024,,Deposit,Mendoza Corporation,Dorothy Robinson,Settlement Check,,"18,664.19",Reconciled,,"-469,769.88"
01/24/2024,,Deposit,Mendoza Corporation,Brenda Kelly,Settlement Check,,"18,025.73",Reconciled,,"-451,744.15"
01/24/2024,,Deposit,Torres Insurance Company,Samuel Chavez,Settlement Check,,"34,656.39",Reconciled,,"-417,087.76"
01/24/2024,,Deposit,Amy Parker,James Long,Settlement Check,,"15,335.05",Reconciled,,"-401,752.71"
01/24/2024,,Deposit,Amy Parker,Raymond Kim,Settlement Check,,"21,639.30",Reconciled,,"-380,113.41"
01/24/2024,,Deposit,Edwards Solutions Inc,Betty Griffin,Settlement check GENO-004402,,"5,008.08",Reconciled,,"-375,105.33"
01/24/2024,,Deposit,Thompson Insurance Group,Ronald Wells,,,"160,207.82",Reconciled,,"-214,897.51"
01/24/2024,,Deposit,Turner Mutual Insurance,Patrick Robertson,Settlement Check,,"39,356.46",Reconciled,,"-175,541.05"
01/23/2024,,Deposit,Coleman Insurance Group,Jerry Meyer,Settlement Check,,"27,376.85",Reconciled,,"-148,164.20"
01/12/2024,1457,Check,Christopher Patterson,Betty Martinez,Settlement to client,"16,776.81",,Reconciled,Manually added,"-164,941.01"
01/10/2024,1456,Check,John Nichols,Susan Wilson,Uim settlement to client,"12,856.22",,Reconciled,Manually added,"-177,797.23"
01/08/2024,1455,Check,John Nichols,Susan Wilson,Bi settlement to client,"21,150.31",,Reconciled,Manually added,"-198,947.54"
01/08/2024,1444,Check,Joseph Perry,Patrick Meyer,Provider,"1,197.08",,Reconciled,Manually added,"-200,144.62"
01/08/2024,1427,Check,Joseph Perry,Brandon Ward,Provider,"1,056.74",,Reconciled,Manually added,"-201,201.36"
01/08/2024,,Deposit,Christopher Henderson,Susan Wilson,UIM SETTLEMENT CHECK,,"35,442.38",Reconciled,Manually added,"-165,758.98"
01/05/2024,,Deposit,Thompson Insurance Group,Susan Wilson,Settlement Check,,"37,293.44",Reconciled,,"-128,465.54"
12/26/2023,1454,Check,Donald Hayes,Eric Silva,Settlement to client,"58,964.48",,Reconciled,Manually added,"-187,430.02"
12/18/2023,,Deposit,Carol Castro,Eric Silva,,,"85,547.73",Reconciled,,"-101,882.29"
12/18/2023,,Deposit,Torres Insurance Company,Amy Murphy,Settlement Check,,"17,474.92",Reconciled,,"-84,407.37"
12/18/2023,,Deposit,Wallace Mutual Insurance,Betty Martinez,Settlement Check,,"15,895.50",Reconciled,,"-68,511.87"
12/18/2023,,Deposit,Turner Mutual Insurance,Helen Turner,,,"17,033.83",Reconciled,,"-51,478.04"
12/18/2023,,Deposit,Stephen Diaz,Carolyn Stephens,Settlement Check,,"32,251.80",Reconciled,,"-19,226.24"
12/18/2023,,Deposit,Stephen Diaz,Sarah Bell,Settlement Check,,"82,959.16",Reconciled,,"63,732.92"
12/18/2023,,Deposit,Mendoza Corporation,David Smith,Settlement Check,,"14,089.67",Reconciled,,"77,822.59"
12/18/2023,,Deposit,Torres Insurance Company,Justin Collins,,,"22,403.51",Reconciled,,"100,226.10"
12/18/2023,,Deposit,Torres Insurance Company,Betty Martinez,Settlement Check,,"11,500.62",Reconciled,,"111,726.72"
12/15/2023,1442,Check,Samuel Howard,Jonathan Morgan,Settlement to client,"16,550.99",,Reconciled,Manually added,"95,175.73"
12/15/2023,,Deposit,Turner Mutual Insurance,Anthony Clark,Settlement Check,,"748,512.37",Reconciled,,"843,688.10"
12/15/2023,,Deposit,Hall Mutual Insurance,Anthony Clark,Settlement Check,,"336,780.56",Reconciled,,"1,180,468.66"
12/07/2023,1441,Check,Ashley Bryant,Elizabeth Jimenez,Settlement to client,"12,654.91",,Reconciled,Manually added,"1,167,813.75"
12/05/2023,1452,Check,"Perez, Thompson & Associates",Jonathan Morgan,CJ Reimbursement,10.32,,Reconciled,Manually added,"1,167,803.43"
12/05/2023,1451,Check,"Perez, Thompson & Associates",Jonathan Morgan,Lawyer Fee,"6,975.53",,Reconciled,Manually added,"1,160,827.90"
12/05/2023,1450,Check,"Perez, Thompson & Associates",Elizabeth Jimenez,CJ Reimbursement,7.17,,Reconciled,Manually added,"1,160,820.73"
12/05/2023,1449,Check,"Perez, Thompson & Associates",Elizabeth Jimenez,Lawyer Fee,"7,078.47",,Reconciled,Manually added,"1,153,742.26"
12/05/2023,1448,Check,"Perez, Thompson & Associates",Donald Anderson,CJ Reimbursement,11.05,,Reconciled,Manually added,"1,153,731.21"
12/05/2023,1447,Check,"Perez, Thompson & Associates",Donald Anderson,Lawyer Fee,"4,977.05",,Reconciled,Manually added,"1,148,754.16"
12/05/2023,1446,Check,"Perez, Thompson & Associates",Patrick Meyer,CJ Reimbursement,11.25,,Reconciled,Manually added,"1,148,742.91"
12/05/2023,1445,Check,"Perez, Thompson & Associates",Patrick Meyer,Lawyer Fee,"37,182.59",,Reconciled,Manually added,"1,111,560.32"
12/05/2023,1443,Check,Paul Ellis,Patrick Meyer,Provider,"5,286.39",,Reconciled,Manually added,"1,106,273.93"
12/04/2023,1440,Check,Nicole Black,Donald Anderson,Settlement to client,"4,191.67",,Reconciled,Manually added,"1,102,082.26"
12/04/2023,1439,Check,Ronald Wright,Patrick Meyer,Settlement to client,"25,200.39",,Reconciled,Manually added,"1,076,881.87"
11/29/2023,,Deposit,Amy Parker,Patrick Meyer,Settlement Check,,"102,498.58",Reconciled,,"1,179,380.45"
11/27/2023,1438,Check,Larry Gordon,Jack Salazar,Settlement to client,"26,832.12",,Reconciled,Manually added,"1,152,548.33"
11/20/2023,,Deposit,Amy Parker,Elizabeth Jimenez,,,"28,724.95",Reconciled,,"1,181,273.28"
11/20/2023,,Deposit,Amy Parker,Donald Anderson,Settlement Check,,"8,921.24",Reconciled,,"1,190,194.52"
11/20/2023,,Deposit,Amy Parker,Jonathan Morgan,Settlement Check,,"33,334.41",Reconciled,Manually added,"1,223,528.93"
11/13/2023,1437,Check,Karen Jordan,Dennis Nichols,Settlement to client,"70,879.59",,Reconciled,Manually added,"1,152,649.34"
11/03/2023,1436,Check,"Perez, Thompson & Associates",Jack Salazar,CJ Reimbursement,7.53,,Reconciled,Manually added,"1,152,641.81"
11/03/2023,1435,Check,"Perez, Thompson & Associates",Jack Salazar,Lawyer Fee,"11,052.99",,Reconciled,Manually added,"1,141,588.82"
11/03/2023,1434,Check,"Perez, Thompson & Associates",Dennis Nichols,CJ Reimbursement,11.41,,Reconciled,Manually added,"1,141,577.41"
11/03/2023,1433,Check,"Perez, Thompson & Associates",Dennis Nichols,Lawyer fee,"37,071.47",,Reconciled,Manually added,"1,104,505.94"
11/03/2023,1432,Check,"Perez, Thompson & Associates",Kimberly King,CJ Reimbursement,11.58,,Reconciled,Manually added,"1,104,494.36"
11/03/2023,1431,Check,"Perez, Thompson & Associates",Kimberly King,Narrative report reimb.,"1,534.93",,Reconciled,Manually added,"1,102,959.43"
11/03/2023,1430,Check,"Perez, Thompson & Associates",Kimberly King,Lawyer Fee,"30,910.94",,Reconciled,Manually added,"1,072,048.49"
11/01/2023,1429,Check,Jason Diaz,Jonathan Snyder,Release of escrow funds,"13,283.06",,Reconciled,Manually added,"1,058,765.43"
10/25/2023,1428,Check,Paul Ellis,Emma Boyd,Provider,75.89,,Reconciled,Manually added,"1,058,689.54"
10/25/2023,1426,Check,Paul Ellis,Brandon Ward,Provider,"1,076.41",,Reconciled,Manually added,"1,057,613.13"
10/17/2023,1415,Check,Cynthia Reyes,Stephanie Owens,Provider,720.35,,Reconciled,Manually added,"1,056,892.78"
10/16/2023,1424,Check,Steven Allen,Kimberly King,Settlement to client,"59,771.10",,Reconciled,Manually added,"997,121.68"
10/10/2023,1425,Check,Pamela Ramos,Pamela Ramos,Relese of escrow funds DOA 3/28/2022,"1,214.06",,Reconciled,,"995,907.62"
10/03/2023,,Deposit,Turner Mutual Insurance,Samuel Holmes,Settlement Check,,"105,321.29",Reconciled,,"1,101,228.91"
10/03/2023,,Deposit,Anthony Romero,Kimberly King,Settlement Check,,"93,814.10",Reconciled,,"1,195,043.01"
09/28/2023,1423,Check,"Perez, Thompson & Associates",Emma Bailey,Filing fee reimbursement,213.68,,Reconciled,Manually added,"1,194,829.33"
09/28/2023,1422,Check,"Perez, Thompson & Associates",Emma Bailey,CJ Reimbursement,11.88,,Reconciled,Manually added,"1,194,817.45"
09/28/2023,1421,Check,"Perez, Thompson & Associates",Emma Bailey,Lawyer Fee,"31,155.50",,Reconciled,Manually added,"1,163,661.95"
09/28/2023,1420,Check,"Perez, Thompson & Associates",Steven Harris,CJ Reimbursement,13.25,,Reconciled,Manually added,"1,163,648.70"
09/28/2023,1419,Check,"Perez, Thompson & Associates",Steven Harris,Lawyer Fee,"29,308.88",,Reconciled,Manually added,"1,134,339.82"
09/28/2023,1418,Check,Rebecca Rivera,Steven Harris,Settlement to client,"39,558.24",,Reconciled,Manually added,"1,094,781.58"
09/26/2023,1416,Check,Laura Kennedy,Stephanie Owens,Provider,433.98,,Reconciled,Manually added,"1,094,347.60"
09/20/2023,1406,Check,Foster Company,Jacob Evans,Provider,291.33,,Reconciled,Manually added,"1,094,056.27"
09/20/2023,1405,Check,Foster Company,Mark West,Provider,555.08,,Reconciled,Manually added,"1,093,501.19"
09/11/2023,1413,Check,Kevin Marshall,Emma Bailey,Settlement to client,"82,888.06",,Reconciled,Manually added,"1,010,613.13"
09/05/2023,1408,Check,Sharon Mitchell,Jacob Evans,Settlement to client,157.21,,Reconciled,Manually added,"1,010,455.92"
09/05/2023,1407,Check,Daniel Miller,Jacob Evans,Provider,"2,319.82",,Reconciled,Manually added,"1,008,136.10"
09/05/2023,1404,Check,Daniel Miller,Mark West,Provider,"1,876.68",,Reconciled,Manually added,"1,006,259.42"
08/31/2023,1412,Check,"Perez, Thompson & Associates",Jacob Evans,CJ Reimbursement,8.85,,Reconciled,Manually added,"1,006,250.57"
08/31/2023,1411,Check,"Perez, Thompson & Associates",Jacob Evans,Lawyer Fee,"4,795.79",,Reconciled,Manually added,"1,001,454.78"
08/31/2023,1410,Check,"Perez, Thompson & Associates",Mark West,CJ Reimbursement,9.84,,Reconciled,Manually added,"1,001,444.94"
08/31/2023,1409,Check,"Perez, Thompson & Associates",Mark West,Lawyer Fee,"5,277.49",,Reconciled,Manually added,"996,167.45"
08/31/2023,1403,Check,Amanda Baker,Jacob Evans,Settlement to client,"5,897.79",,Reconciled,Manually added,"990,269.66"
08/31/2023,1402,Check,Barbara Ross,Mark West,Settlement to client,"9,996.89",,Reconciled,Manually added,"980,272.77"
08/31/2023,1401,Check,"Perez, Thompson & Associates",Jason McDonald,CJ Reimbursement,12.38,,Reconciled,Manually added,"980,260.39"
08/31/2023,1400,Check,"Perez, Thompson & Associates",Jason McDonald,Lawyer Fee,838.34,,Reconciled,Manually added,"979,422.05"
08/31/2023,1399,Check,"Perez, Thompson & Associates",Ashley Thomas,CJ Reimbursement,14.81,,Reconciled,Manually added,"979,407.24"
08/31/2023,1398,Check,"Perez, Thompson & Associates",Ashley Thomas,Lawyer Fee,"15,869.25",,Reconciled,Manually added,"963,537.99"
08/31/2023,1397,Check,"Perez, Thompson & Associates",Anna Bailey,CJ Reimbursement,10.92,,Reconciled,Manually added,"963,527.07"
08/31/2023,1396,Check,"Perez, Thompson & Associates",Anna Bailey,Lawyer Fee,"5,191.32",,Reconciled,Manually added,"958,335.75"
08/31/2023,1395,Check,"Perez, Thompson & Associates",Pamela Palmer,CJ Reimbursement,8.00,,Reconciled,Manually added,"958,327.75"
08/31/2023,1394,Check,"Perez, Thompson & Associates",Pamela Palmer,Lawyer Fee,"7,097.37",,Reconciled,Manually added,"951,230.38"
08/31/2023,1393,Check,"Perez, Thompson & Associates",David Long,CJ Reimbursement,11.51,,Reconciled,Manually added,"951,218.87"
08/31/2023,1392,Check,"Perez, Thompson & Associates",David Long,Lawyer Fee,"5,664.22",,Reconciled,Manually added,"945,554.65"
08/15/2023,1391,Check,Russell Corporation,Pamela Palmer,Provider,967.72,,Reconciled,,"944,586.93"
08/15/2023,1390,Check,Madison Clinic 75,Pamela Palmer,Provider,136.83,,Reconciled,,"944,450.10"
08/15/2023,1389,Check,Paul Ellis,Ashley Thomas,Provider,464.38,,Reconciled,,"943,985.72"
08/15/2023,1388,Check,Moore Solutions Inc,Ashley Thomas,Provider,"3,989.37",,Reconciled,,"939,996.35"
08/15/2023,1387,Check,Benjamin Watson,Ashley Thomas,Provider,"1,706.63",,Reconciled,,"938,289.72"
08/15/2023,1386,Check,Gray Company,Ashley Thomas,Provider,728.44,,Reconciled,,"937,561.28"
08/15/2023,1385,Check,Michelle White,Ashley Thomas,Settlement to client,"18,966.73",,Reconciled,,"918,594.55"
07/26/2023,1383,Check,Anthony Jackson,Jason McDonald,Settlement to client,"1,446.39",,Reconciled,,"917,148.16"
07/25/2023,1382,Check,Lisa Graham,Pamela Palmer,Settlement to client,"10,510.79",,Reconciled,,"906,637.37"
07/25/2023,,Deposit,Coleman Insurance Group,Jason McDonald,Settlement Checks,,"3,324.86",Reconciled,,"909,962.23"
07/24/2023,1381,Check,Nicole Mason,Anna Bailey,Settlement to client,"13,829.84",,Reconciled,,"896,132.39"
07/24/2023,1380,Check,Jonathan Olson,David Long,Settlement to client,"9,816.05",,Reconciled,,"886,316.34"
07/21/2023,1379,Check,"Perez, Thompson & Associates",Brandon Dixon,Lawyer fee,"5,814.23",,Reconciled,,"880,502.11"
07/21/2023,1378,Check,"Perez, Thompson & Associates",Brandon Dixon,Reimbursement medical records,42.28,,Reconciled,,"880,459.83"
07/21/2023,1377,Check,"Perez, Thompson & Associates",Brandon Dixon,Charles Jones reimbursement,11.88,,Reconciled,,"880,447.95"
07/20/2023,1376,Check,"Perez, Thompson & Associates",Stephanie Phillips,Charles Jones reimbursement,12.08,,Reconciled,,"880,435.87"
07/20/2023,1375,Check,"Perez, Thompson & Associates",Stephanie Phillips,Lawyer fee,"11,963.35",,Reconciled,,"868,472.52"
07/20/2023,1374,Check,Sharon Mitchell,Stephanie Phillips,Provider,465.23,,Reconciled,,"868,007.29"
07/20/2023,1373,Check,Ramirez Corporation,Stephanie Phillips,Provider,821.66,,Reconciled,,"867,185.63"
07/20/2023,1372,Check,Ronald Marshall,Stephanie Phillips,Settlement to client,"15,436.88",,Reconciled,,"851,748.75"
07/20/2023,1371,Check,"Perez, Thompson & Associates",Melissa Mitchell,Charles Jones reimbursement,9.49,,Reconciled,,"851,739.26"
07/20/2023,1370,Check,"Perez, Thompson & Associates",Melissa Mitchell,Lawyer fee,"19,971.58",,Reconciled,,"831,767.68"
07/20/2023,1369,Check,Taylor Medical Group,Melissa Mitchell,Provider,796.87,,Reconciled,,"830,970.81"
07/20/2023,1368,Check,Jimenez Corporation,Melissa Mitchell,Provider,"1,363.82",,Reconciled,,"829,606.99"
07/20/2023,1367,Check,Ryan Burns,Melissa Mitchell,Provider,941.04,,Reconciled,,"828,665.95"
07/20/2023,1366,Check,Carolyn Bennett,Melissa Mitchell,Provider,205.42,,Reconciled,,"828,460.53"
07/20/2023,1365,Check,Jessica Hawkins,Melissa Mitchell,Settlement to client,"36,326.46",,Reconciled,,"792,134.07"
07/19/2023,,Deposit,Williams Mutual Insurance,Melissa Mitchell,Settlement Check,,"28,139.74",Reconciled,,"820,273.81"
07/19/2023,,Deposit,Mendoza Corporation,Melissa Mitchell,Settlement Check,,"43,804.03",Reconciled,,"864,077.84"
07/14/2023,,Deposit,Harris Insurance Company,Ashley Thomas,Settlement Check,,"27,670.74",Reconciled,,"891,748.58"
07/14/2023,,Deposit,Harris Insurance Company,Ashley Thomas,Settlement Check,,"6,880.48",Reconciled,,"898,629.06"
07/14/2023,,Deposit,Torres Insurance Company,Emma Bailey,Settlement Check,,"90,033.13",Reconciled,,"988,662.19"
07/14/2023,,Deposit,Coleman Insurance Group,Stephanie Phillips,Settlement Check,,"27,680.45",Reconciled,,"1,016,342.64"
07/14/2023,,Deposit,John Jones,Jack Salazar,Settlement Check,,"23,937.01",Reconciled,,"1,040,279.65"
07/14/2023,,Deposit,John Jones,Jessica Russell,Settlement Check,,"107,345.13",Reconciled,,"1,147,624.78"
07/14/2023,,Deposit,John Jones,Dennis Nichols,Settlement Check,,"104,477.90",Reconciled,,"1,252,102.68"
07/14/2023,,Deposit,John Jones,James Ryan,Settlement Check,,"320,989.75",Reconciled,,"1,573,092.43"
07/14/2023,,Deposit,Henderson Insurance Company,David Long,Settlement Check,,"1,996.80",Reconciled,,"1,575,089.23"
07/14/2023,,Deposit,Henderson Insurance Company,Anna Bailey,Settlement Check,,"1,946.49",Reconciled,,"1,577,035.72"
07/14/2023,,Deposit,Mendoza Corporation,Steven Harris,Settlement Check,,"55,111.58",Reconciled,,"1,632,147.30"
07/14/2023,,Deposit,Amy Parker,Jacob Evans,Settlement Check,,"11,949.69",Reconciled,,"1,644,096.99"
07/11/2023,1364,Check,"Perez, Thompson & Associates",Jennifer Stephens,Charles Jones reimbursement,12.57,,Reconciled,,"1,644,084.42"
07/11/2023,1363,Check,"Perez, Thompson & Associates",Jennifer Stephens,Lawyer fee,"6,001.29",,Reconciled,,"1,638,083.13"
07/11/2023,1362,Check,Hernandez Company,Jennifer Stephens,Provider,454.60,,Reconciled,,"1,637,628.53"
07/11/2023,1360,Check,Emma Munoz,Jennifer Stephens,Settlement to client,"12,963.14",,Reconciled,,"1,624,665.39"
06/28/2023,1359,Check,Brenda Mendez,Brandon Dixon,Settlement to Client,"11,562.72",,Reconciled,Manually added,"1,613,102.67"
06/26/2023,1358,Check,Franklin Healthcare Center 73,Katherine Fox,Provider,29.88,,Reconciled,,"1,613,072.79"
06/26/2023,1357,Check,Shirley Mendez,Katherine Fox,Provider,"1,322.80",,Reconciled,,"1,611,749.99"
06/26/2023,1356,Check,Kimberly Griffin,Paul Jackson,Provider,77.00,,Reconciled,,"1,611,672.99"
06/26/2023,1355,Check,Kimberly Griffin,Paul Jackson,Provider,"1,289.83",,Reconciled,,"1,610,383.16"
06/26/2023,1354,Check,Mark Patterson,Paul Jackson,Provider,817.16,,Reconciled,,"1,609,566.00"
06/09/2023,1353,Check,"Perez, Thompson & Associates",Dorothy Fernandez,Charles Jones Reimbursement,13.45,,Reconciled,,"1,609,552.55"
06/09/2023,1352,Check,"Perez, Thompson & Associates",Dorothy Fernandez,Lawyer fee,"20,011.83",,Reconciled,,"1,589,540.72"
06/09/2023,1351,Check,"Perez, Thompson & Associates",Paul Jackson,Charles Jones reimbursement,10.57,,Reconciled,,"1,589,530.15"
06/09/2023,1350,Check,"Perez, Thompson & Associates",Paul Jackson,Lawyer Fee,"31,230.53",,Reconciled,,"1,558,299.62"
06/09/2023,1349,Check,Samantha Brooks,Paul Jackson,Settlement to client,"60,256.41",,Reconciled,,"1,498,043.21"
06/05/2023,,Deposit,Torres Insurance Company,Paul Jackson,Settlement Check,,"80,721.64",Reconciled,,"1,578,764.85"
06/05/2023,,Deposit,Amy Parker,David Long,Settlement Check,,"8,053.72",Reconciled,,"1,586,818.57"
06/05/2023,,Deposit,Thompson Insurance Group,Pamela Palmer,Settlement Check,,"18,890.31",Reconciled,,"1,605,708.88"
06/05/2023,,Deposit,Amy Parker,Mark West,Settlement Check,,"11,240.65",Reconciled,,"1,616,949.53"
06/05/2023,,Deposit,Amy Parker,Anna Bailey,Settlement Check,,"13,259.13",Reconciled,,"1,630,208.66"
06/05/2023,,Deposit,Amy Parker,Jennifer Stephens,Settlement Check,,"10,188.56",Reconciled,Manually added,"1,640,397.22"
06/01/2023,1348,Check,Franklin Healthcare Center,Timothy Torres,Provider,209.84,,Reconciled,,"1,640,187.38"
06/01/2023,1347,Check,Wright & Scott Medical Associates,Timothy Torres,Provider,912.30,,Reconciled,,"1,639,275.08"
05/30/2023,1346,Check,Kenneth Allen,Dorothy Fernandez,Settlement to Client,"27,058.09",,Reconciled,Manually added,"1,612,216.99"
05/26/2023,1345,Check,Flores Corporation,Nicholas Carter,Provider,826.32,,Reconciled,,"1,611,390.67"
05/26/2023,1344,Check,Nguyen Solutions Inc,Nicholas Carter,Provider,453.39,,Reconciled,,"1,610,937.28"
05/26/2023,1343,Check,Eric Burns,Nicholas Carter,Provider,227.08,,Reconciled,,"1,610,710.20"
05/24/2023,,Deposit,Reed Services LLC,Dorothy Fernandez,Settlement Check,,"68,669.01",Reconciled,Manually added,"1,679,379.21"
05/24/2023,,Deposit,Turner Mutual Insurance,Donna Cole,Settlement Check,,"22,308.90",Reconciled,Manually added,"1,701,688.11"
05/15/2023,1337,Check,Kevin Wright,Katherine Fox,Kevin Wright,869.12,,Reconciled,Manually added,"1,700,818.99"
05/12/2023,1342,Check,Michelle Bryant,Alexander Rose,Provider,150.94,,Reconciled,,"1,700,668.05"
05/12/2023,1340,Check,Brian Lewis,Alexander Rose,Provider,146.22,,Reconciled,,"1,700,521.83"
05/12/2023,1339,Check,Nelson Company,Alexander Rose,Provider,728.33,,Reconciled,,"1,699,793.50"
05/12/2023,1338,Check,Foster Company,Alexander Rose,Provider,62.87,,Reconciled,,"1,699,730.63"
05/09/2023,1331,Check,Nguyen Solutions Inc,Cynthia Vargas,Nguyen Solutions Inc,545.04,,Reconciled,Manually added,"1,699,185.59"
05/09/2023,1328,Check,Arlington Healthcare Center 77,Cynthia Vargas,Arlington Healthcare Center 77,69.31,,Reconciled,Manually added,"1,699,116.28"
05/08/2023,1336,Check,Anna Hunter,Katherine Fox,Settlement to Client,"12,556.37",,Reconciled,Manually added,"1,686,559.91"
05/05/2023,1335,Check,"Perez, Thompson & Associates",Katherine Fox,Charles Jones Reimbursement,7.50,,Reconciled,Manually added,"1,686,552.41"
05/05/2023,1334,Check,"Perez, Thompson & Associates",Katherine Fox,Lawyer Fee,"4,020.83",,Reconciled,Manually added,"1,682,531.58"
05/05/2023,1333,Check,"Perez, Thompson & Associates",Matthew Reynolds,CJ Reimbursement,6.43,,Reconciled,,"1,682,525.15"
05/05/2023,1332,Check,"Perez, Thompson & Associates",Matthew Reynolds,Lawyer Fee,"29,462.32",,Reconciled,,"1,653,062.83"
05/03/2023,1330,Check,Cook Services LLC,Cynthia Vargas,Provider,278.22,,Reconciled,,"1,652,784.61"
05/03/2023,1329,Check,Brian Medina,Cynthia Vargas,Provider,91.77,,Reconciled,,"1,652,692.84"
05/03/2023,1327,Check,Collins Company,Cynthia Vargas,Provider,230.27,,Reconciled,,"1,652,462.57"
05/02/2023,1326,Check,Pamela Ramos,Pamela Ramos,Settlement to client,"70,578.74",,Reconciled,,"1,581,883.83"
04/27/2023,1313,Check,Parker Corporation,Lopez Corporation,Parker Corporation,506.61,,Reconciled,Manually added,"1,581,377.22"
04/27/2023,1310,Check,Parker Corporation,Jackson Company,Parker Corporation,349.72,,Reconciled,Manually added,"1,581,027.50"
04/26/2023,1325,Check,George McDonald,Jeffrey Green,Release of escrow funds,792.14,,Reconciled,,"1,580,235.36"
04/25/2023,1312,Check,Jimenez Corporation,Lopez Corporation,Cole Solutions Inc,51.02,,Reconciled,Manually added,"1,580,184.34"
04/25/2023,1309,Check,Jimenez Corporation,Jackson Company,Cole Solutions Inc,58.50,,Reconciled,Manually added,"1,580,125.84"
04/24/2023,1314,Check,Robert Price,Lopez Corporation,Release of Funds to client,604.55,,Reconciled,Manually added,"1,579,521.29"
04/24/2023,1311,Check,Jeffrey Tucker,Jackson Company,Release of funds to client,"1,103.58",,Reconciled,Manually added,"1,578,417.71"
04/21/2023,1324,Check,"Perez, Thompson & Associates",Timothy Torres,Charles Jones Reimbursement,9.59,,Reconciled,Manually added,"1,578,408.12"
04/21/2023,1323,Check,"Perez, Thompson & Associates",Timothy Torres,Lawyer Fee,"4,045.69",,Reconciled,Manually added,"1,574,362.43"
04/21/2023,1322,Check,"Perez, Thompson & Associates",James Smith,Charles Jones Reimbursement,7.69,,Reconciled,Manually added,"1,574,354.74"
04/21/2023,1321,Check,"Perez, Thompson & Associates",James Smith,Filing Fee Reimbursement,180.86,,Reconciled,Manually added,"1,574,173.88"
04/21/2023,1320,Check,"Perez, Thompson & Associates",James Smith,Lawyer Fee,"4,070.60",,Reconciled,Manually added,"1,570,103.28"
04/21/2023,1319,Check,"Perez, Thompson & Associates",Nancy Wilson,CJ Reimbursement,6.68,,Reconciled,,"1,570,096.60"
04/21/2023,1318,Check,"Perez, Thompson & Associates",Nancy Wilson,Lawyer fee,"4,127.43",,Reconciled,,"1,565,969.17"
04/21/2023,1317,Check,"Perez, Thompson & Associates",Patrick Ward,Charles Jones Reimbursement,10.59,,Reconciled,Manually added,"1,565,958.58"
04/21/2023,1316,Check,"Perez, Thompson & Associates",Patrick Ward,Lawyer Fee,"16,825.97",,Reconciled,Manually added,"1,549,132.61"
04/20/2023,1315,Check,Donald Walker,Cole Solutions Inc,Settlement to client,"7,665.85",,Reconciled,,"1,541,466.76"
04/19/2023,1307,Check,Mark Gonzalez,Patrick Ward,Settlement to Client,"24,983.25",,Reconciled,Manually added,"1,516,483.51"
04/14/2023,1306,Check,Edward Allen,Timothy Torres,Settlement to Client,"4,414.12",,Reconciled,Manually added,"1,512,069.39"
04/13/2023,1308,Check,Patricia Grant,Dorothy Nguyen,Release of Funds to client,"1,212.35",,Reconciled,Manually added,"1,510,857.04"
04/12/2023,1303,Check,Ryan Gomez,James Smith,Settlement to Client,"8,374.73",,Reconciled,Manually added,"1,502,482.31"
04/11/2023,1305,Check,Ashley Young,Nancy Wilson,Settlement to client,"2,804.61",,Reconciled,,"1,499,677.70"
04/07/2023,,Deposit,Mendoza Corporation,Matthew Reynolds,Settlement Check,,"107,017.53",Reconciled,,"1,606,695.23"
04/07/2023,,Deposit,Amy Parker,James Smith,Settlement Check,,"12,455.72",Reconciled,Manually added,"1,619,150.95"
04/07/2023,,Deposit,Coleman Insurance Group,Katherine Fox,Settlement Check,,"9,855.55",Reconciled,Manually added,"1,629,006.50"
04/05/2023,1302,Check,"Perez, Thompson & Associates",Stephanie Owens,Charles Jones Reimbursement,7.42,,Reconciled,Manually added,"1,628,999.08"
04/05/2023,1301,Check,"Perez, Thompson & Associates",Stephanie Owens,Lawyer Fee,"10,434.49",,Reconciled,Manually added,"1,618,564.59"
04/04/2023,1300,Check,Brian Harrison,Stephanie Owens,Settlement to Client,"17,300.53",,Reconciled,Manually added,"1,601,264.06"
03/30/2023,1299,Check,"Perez, Thompson & Associates",Brandon Ward,Charles Jones Reimbursement,15.47,,Reconciled,Manually added,"1,601,248.59"
03/30/2023,1298,Check,"Perez, Thompson & Associates",Brandon Ward,Lawyer Fee,"20,753.44",,Reconciled,Manually added,"1,580,495.15"
03/30/2023,,Deposit,Richardson Insurance Group,Stephanie Owens,Settlement Check,,"52,685.33",Reconciled,Manually added,"1,633,180.48"
03/29/2023,1296,Check,Debra Richardson,Brandon Ward,Settlement to Client,"41,816.19",,Reconciled,Manually added,"1,591,364.29"
03/27/2023,1284,Check,Amanda Scott,Melissa Woods,Settlement to Client,"10,882.81",,Reconciled,Manually added,"1,580,481.48"
03/24/2023,1295,Check,"Perez, Thompson & Associates",Kenneth Green,Charles Jones Reimbursement,11.89,,Reconciled,Manually added,"1,580,469.59"
03/24/2023,1294,Check,"Perez, Thompson & Associates",Kenneth Green,Lawyer Fee,"5,193.96",,Reconciled,Manually added,"1,575,275.63"
03/24/2023,1293,Check,"Perez, Thompson & Associates",Cole Solutions Inc,Charles Jones Reimbursement,12.41,,Reconciled,Manually added,"1,575,263.22"
03/24/2023,1292,Check,"Perez, Thompson & Associates",Cole Solutions Inc,Lawyer Fee,"2,853.74",,Reconciled,Manually added,"1,572,409.48"
03/24/2023,1291,Check,"Perez, Thompson & Associates",Melissa Woods,Charles Jones Reimbursement,13.29,,Reconciled,Manually added,"1,572,396.19"
03/24/2023,1290,Check,"Perez, Thompson & Associates",Melissa Woods,Lawyer Fee,"3,384.98",,Reconciled,Manually added,"1,569,011.21"
03/24/2023,1289,Check,"Perez, Thompson & Associates",Cynthia Vargas,Charles Jones Reimbursement,9.92,,Reconciled,Manually added,"1,569,001.29"
03/24/2023,1288,Check,"Perez, Thompson & Associates",Cynthia Vargas,Lawyer Fee,"6,811.88",,Reconciled,Manually added,"1,562,189.41"
03/24/2023,1283,Check,Jessica Hawkins,Barbara Gardner,Release of Funds to client for CDI bill,"1,342.27",,Reconciled,Manually added,"1,560,847.14"
03/24/2023,,Deposit,Mendoza Corporation,Brandon Ward,Settlement Check,,"73,876.13",Reconciled,Manually added,"1,634,723.27"
03/21/2023,1287,Check,Mary Garza,Kenneth Green,Settlement to client,"14,594.74",,Reconciled,,"1,620,128.53"
03/08/2023,1282,Check,Alexander Ruiz,Cynthia Vargas,Settlement to Client,"11,804.67",,Reconciled,Manually added,"1,608,323.86"
03/06/2023,,Deposit,Torres Insurance Company,Nancy Wilson,Settlement check,,"8,899.46",Reconciled,,"1,617,223.32"
03/06/2023,,Deposit,Amy Parker,Kenneth Green,Settlement Check,,"22,840.62",Reconciled,Manually added,"1,640,063.94"
03/06/2023,,Deposit,Amy Parker,Brandon Dixon,Settlement Check,,"10,725.61",Reconciled,Manually added,"1,650,789.55"
03/06/2023,,Deposit,Coleman Insurance Group,Melissa Woods,Settlement Check,,"12,809.65",Reconciled,Manually added,"1,663,599.20"
03/06/2023,,Deposit,Coleman Insurance Group,Cynthia Vargas,Settlement Check,,"20,808.03",Reconciled,Manually added,"1,684,407.23"
03/06/2023,,Deposit,Amy Parker,Cole Solutions Inc,Settlement Check,,"6,522.71",Reconciled,Manually added,"1,690,929.94"
03/06/2023,,Deposit,Amy Parker,Timothy Torres,Settlement Check,,"6,935.67",Reconciled,Manually added,"1,697,865.61"
03/01/2023,1278,Check,Robert Foster,Sandra Perez,Catherine Fox,293.30,,Reconciled,Manually added,"1,697,572.31"
02/24/2023,1273,Check,Dennis Warren,Sandra Perez,Dennis Warren,221.62,,Reconciled,Manually added,"1,697,350.69"
02/23/2023,1281,Check,"Perez, Thompson & Associates",Nicholas Carter,CJ Reimbursement,14.21,,Reconciled,Manually added,"1,697,336.48"
02/23/2023,1280,Check,"Perez, Thompson & Associates",Nicholas Carter,Lawyer Fee,"6,735.43",,Reconciled,Manually added,"1,690,601.05"
02/17/2023,1279,Check,Diaz Company,Sandra Perez,Lewis Services LLC,34.67,,Reconciled,Manually added,"1,690,566.38"
02/17/2023,1277,Check,Robert Foster,Sandra Perez,Catherine Fox,423.54,,Reconciled,Manually added,"1,690,142.84"
02/15/2023,1276,Check,Timothy Evans,Sandra Perez,Gary Porter,"1,234.89",,Reconciled,Manually added,"1,688,907.95"
02/10/2023,1275,Check,Bailey Corporation,Sandra Perez,Bailey Corporation,"1,744.16",,Reconciled,Manually added,"1,687,163.79"
02/10/2023,1274,Check,Kim Medical Group,Sandra Perez,Kim Medical Group,"1,799.40",,Reconciled,Manually added,"1,685,364.39"
01/25/2023,1272,Check,Stephanie Scott,Nicholas Carter,Settlement to Client,"30,948.86",,Reconciled,Manually added,"1,654,415.53"
01/18/2023,1271,Check,"Perez, Thompson & Associates",Kathleen Turner,CJ Reimbursement,8.15,,Reconciled,Manually added,"1,654,407.38"
01/18/2023,1266,Check,"Perez, Thompson & Associates",Kathleen Turner,Lawyer Fee,"20,565.85",,Reconciled,Manually added,"1,633,841.53"
01/11/2023,1265,Check,Raymond James,Joseph Miller,Settlement to Client,"20,520.90",,Reconciled,Manually added,"1,613,320.63"
01/10/2023,1262,Check,Moreno Corporation,Jackson Company,Check to AQ Imaging,41.45,,Reconciled,Manually added,"1,613,279.18"
01/09/2023,1264,Check,Richard Powell,Kathleen Turner,Settlement to Client,"24,357.37",,Reconciled,Manually added,"1,588,921.81"
01/05/2023,1231,Check,Christopher Gonzalez,Barbara Bell,Settlement to Client,"10,911.93",,Reconciled,Manually added,"1,578,009.88"
01/04/2023,1270,Check,"Perez, Thompson & Associates",Joseph Miller,,8.70,,Reconciled,,"1,578,001.18"
01/04/2023,1269,Check,"Perez, Thompson & Associates",Joseph Miller,,"5,635.26",,Reconciled,,"1,572,365.92"
01/04/2023,1261,Check,"Perez, Thompson & Associates",Alexander Rose,,13.55,,Reconciled,,"1,572,352.37"
01/04/2023,1260,Check,"Perez, Thompson & Associates",Alexander Rose,,"5,797.31",,Reconciled,,"1,566,555.06"
01/04/2023,1259,Check,"Perez, Thompson & Associates",Sandra Perez,CJ Reimbursement,8.72,,Reconciled,Manually added,"1,566,546.34"
01/04/2023,1257,Check,"Perez, Thompson & Associates",Sandra Perez,Lawyer Fee,"4,406.28",,Reconciled,Manually added,"1,562,140.06"
01/04/2023,1256,Check,"Perez, Thompson & Associates",Daniel Thompson,Filing Fee Reimbursement,371.83,,Reconciled,Manually added,"1,561,768.23"
01/04/2023,1255,Check,"Perez, Thompson & Associates",Daniel Thompson,Charles Jones Reimbursement,12.01,,Reconciled,Manually added,"1,561,756.22"
01/04/2023,1254,Check,"Perez, Thompson & Associates",Daniel Thompson,Lawyer Fee,"23,600.62",,Reconciled,Manually added,"1,538,155.60"
01/03/2023,,Deposit,Torres Insurance Company,Nicholas Carter,Settlement Check,,"29,367.86",Reconciled,Manually added,"1,567,523.46"
01/03/2023,,Deposit,Torres Insurance Company,Kathleen Turner,Settlement Check,,"38,530.02",Reconciled,Manually added,"1,606,053.48"
01/03/2023,,Deposit,Amy Parker,Joseph Miller,Settlement Check,,"22,494.55",Reconciled,Manually added,"1,628,548.03"
12/30/2022,1253,Check,Angela Ortiz,Alexander Rose,Settlement to Client,"10,642.88",,Reconciled,Manually added,"1,617,905.15"
12/30/2022,1252,Check,Melissa Murray,Sandra Perez,Settlement to Client,"3,612.08",,Reconciled,Manually added,"1,614,293.07"
12/27/2022,1250,Check,Rebecca Turner,Samuel Chavez,Settlement to Client,"12,217.63",,Reconciled,Manually added,"1,602,075.44"
12/23/2022,1251,Check,Donald Thompson,Daniel Thompson,Settlement Check to Client,"28,887.85",,Reconciled,Manually added,"1,573,187.59"
12/20/2022,1249,Check,"Perez, Thompson & Associates",Samuel Chavez,CJ Reimbursement,15.33,,Reconciled,Manually added,"1,573,172.26"
12/20/2022,1248,Check,"Perez, Thompson & Associates",Samuel Chavez,Lawyer Fee,"3,941.08",,Reconciled,Manually added,"1,569,231.18"
12/20/2022,,Deposit,Murphy Corporation,Daniel Thompson,Settlement Check,,"89,551.62",Reconciled,Manually added,"1,658,782.80"
12/05/2022,1247,Check,"Perez, Thompson & Associates",Andrew Lee,Charles Jones Reimbursement,7.02,,Reconciled,Manually added,"1,658,775.78"
12/05/2022,1246,Check,"Perez, Thompson & Associates",Andrew Lee,Lawyer Fee,"4,360.50",,Reconciled,Manually added,"1,654,415.28"
12/05/2022,1245,Check,"Perez, Thompson & Associates",Joshua Walker,,7.92,,Reconciled,,"1,654,407.36"
12/05/2022,1244,Check,"Perez, Thompson & Associates",Joshua Walker,,"6,137.80",,Reconciled,,"1,648,269.56"
12/05/2022,1243,Check,"Perez, Thompson & Associates",Anthony Clark,Charles Jones Reimbursement,11.39,,Reconciled,Manually added,"1,648,258.17"
12/05/2022,1242,Check,"Perez, Thompson & Associates",Anthony Clark,Lawyer Fee,"18,975.36",,Reconciled,Manually added,"1,629,282.81"
12/05/2022,,Deposit,Amy Parker,Alexander Rose,Settlement Check,,"12,888.75",Reconciled,Manually added,"1,642,171.56"
11/18/2022,1204,Check,Patricia Jimenez,Jessica Fisher,Settlement to Client,"8,360.64",,Reconciled,Manually added,"1,633,810.92"
11/14/2022,,Deposit,Jonathan Evans,Sandra Perez,Settlement Check,,"16,897.31",Reconciled,Manually added,"1,650,708.23"
11/14/2022,,Deposit,Gutierrez Insurance Company,Ross Solutions Inc,Settlement Check,,"9,950.88",Reconciled,Manually added,"1,660,659.11"
11/02/2022,1230,Check,Mary Hughes,Anthony Clark,Settlement to Client,"18,723.46",,Reconciled,Manually added,"1,641,935.65"
11/01/2022,1241,Check,Barbara Martinez,Andrew Lee,Settlement to Client,"6,352.19",,Reconciled,Manually added,"1,635,583.46"
10/31/2022,1240,Check,"Perez, Thompson & Associates",Barbara Bell,Charles Jones Reimbursement,11.22,,Reconciled,Manually added,"1,635,572.24"
10/31/2022,1239,Check,"Perez, Thompson & Associates",Barbara Bell,Lawyer Fee,"3,790.70",,Reconciled,Manually added,"1,631,781.54"
10/31/2022,1238,Check,"Perez, Thompson & Associates",Scott Wagner,Charles Jones Reimbursement,10.37,,Reconciled,Manually added,"1,631,771.17"
10/31/2022,1237,Check,"Perez, Thompson & Associates",Scott Wagner,Lawyer Fee,"4,606.14",,Reconciled,Manually added,"1,627,165.03"
10/31/2022,1236,Check,"Perez, Thompson & Associates",Barbara Gardner,CJ Reimbursement,11.62,,Reconciled,Manually added,"1,627,153.41"
10/31/2022,1234,Check,"Perez, Thompson & Associates",Barbara Gardner,Lawyer Fee,"23,364.35",,Reconciled,Manually added,"1,603,789.06"
10/31/2022,,Deposit,Jonathan Evans,Andrew Lee,Settlement Check Kimberly Gibson,,"6,349.13",Reconciled,Manually added,"1,610,138.19"
10/31/2022,,Deposit,Amy Parker,Andrew Lee,Settlement Check Geico,,"9,945.77",Reconciled,Manually added,"1,620,083.96"
10/26/2022,1233,Check,Ryan Nelson,Scott Wagner,Settlement to Client,"10,294.26",,Reconciled,Manually added,"1,609,789.70"
10/17/2022,1232,Check,Jessica Hawkins,Barbara Gardner,Settlement to Client,"51,724.61",,Reconciled,Manually added,"1,558,065.09"
10/12/2022,1229,Check,Anna Munoz,Christine Cox,Anthony Clark,247.26,,Reconciled,Manually added,"1,557,817.83"
10/11/2022,,Deposit,Amy Parker,Barbara Gardner,Settlement Check,,"85,555.60",Reconciled,Manually added,"1,643,373.43"
10/11/2022,,Deposit,Jonathan Evans,Samuel Chavez,Settlement Check,,"21,608.19",Reconciled,Manually added,"1,664,981.62"
09/29/2022,,Deposit,Amy Parker,Patrick Ward,Settlement Check,,"45,380.36",Reconciled,Manually added,"1,710,361.98"
09/29/2022,,Deposit,Gutierrez Insurance Company,Barbara Bell,Settlement Check,,"18,351.48",Reconciled,Manually added,"1,728,713.46"
09/28/2022,1225,Check,Dennis Warren,Emma Boyd,Dennis Warren,540.36,,Reconciled,Manually added,"1,728,173.10"
09/21/2022,1227,Check,Mary Johnson,Joshua Walker,,"12,283.98",,Reconciled,,"1,715,889.12"
09/20/2022,,Deposit,Amy Parker,Joshua Walker,Settlement Check,,"19,548.91",Reconciled,Manually added,"1,735,438.03"
09/20/2022,,Deposit,Mendoza Corporation,Scott Wagner,Settlement Check,,"16,077.80",Reconciled,Manually added,"1,751,515.83"
09/13/2022,1221,Check,Garcia Solutions Inc,Emma Boyd,Dr. Marco Lopez,509.67,,Reconciled,Manually added,"1,751,006.16"
08/29/2022,1203,Check,Jack Daniels,Mary Ross,Settlement to Client BI,"8,666.42",,Reconciled,Manually added,"1,742,339.74"
08/25/2022,1224,Check,"Perez, Thompson & Associates",Stephen Morales,Charles Jones Reimbursement,7.87,,Reconciled,Manually added,"1,742,331.87"
08/25/2022,1223,Check,"Perez, Thompson & Associates",Stephen Morales,Lawyer Fee,"6,560.20",,Reconciled,Manually added,"1,735,771.67"
08/25/2022,1222,Check,"Perez, Thompson & Associates",Charles Hernandez,Charles Jones Reimbursement,6.77,,Reconciled,Manually added,"1,735,764.90"
08/25/2022,1218,Check,"Perez, Thompson & Associates",Charles Hernandez,Lawyer Fee,"4,342.82",,Reconciled,Manually added,"1,731,422.08"
08/25/2022,1217,Check,"Perez, Thompson & Associates",Jessica Fisher,CJ Reimbursement,14.16,,Reconciled,Manually added,"1,731,407.92"
08/25/2022,1216,Check,"Perez, Thompson & Associates",Jessica Fisher,Lawyer Fee,"4,333.77",,Reconciled,Manually added,"1,727,074.15"
08/25/2022,1215,Check,"Perez, Thompson & Associates",Emma Boyd,Charles Jones Reimbursement,12.75,,Reconciled,Manually added,"1,727,061.40"
08/25/2022,1214,Check,"Perez, Thompson & Associates",Emma Boyd,Lawyer Fee,"4,430.26",,Reconciled,Manually added,"1,722,631.14"
08/25/2022,1212,Check,"Perez, Thompson & Associates",Jackson Company,CJ Reimbursement,11.88,,Reconciled,Manually added,"1,722,619.26"
08/25/2022,1211,Check,"Perez, Thompson & Associates",Jackson Company,Lawyer Fee,"5,609.64",,Reconciled,Manually added,"1,717,009.62"
08/25/2022,1210,Check,"Perez, Thompson & Associates",Lopez Corporation,Charles Jones Reimbursement,10.69,,Reconciled,Manually added,"1,716,998.93"
08/25/2022,1209,Check,"Perez, Thompson & Associates",Lopez Corporation,Lawyer Fee,"3,716.12",,Reconciled,Manually added,"1,713,282.81"
08/25/2022,1207,Check,"Perez, Thompson & Associates",Mary Ross,CJ Reimbursement,14.19,,Reconciled,Manually added,"1,713,268.62"
08/25/2022,1206,Check,"Perez, Thompson & Associates",Mary Ross,Lawyer Fee,"4,713.79",,Reconciled,Manually added,"1,708,554.83"
08/25/2022,1205,Check,Anna Parker,Charles Hernandez,Settlement to Client,"6,936.77",,Reconciled,Manually added,"1,701,618.06"
07/27/2022,,Deposit,Harris Insurance Company,Charles Hernandez,Settlement Check from NJM,,"7,195.79",Reconciled,Manually added,"1,708,813.85"
07/27/2022,,Deposit,Amy Parker,Charles Hernandez,Settlement Check from Geico,,"7,870.92",Reconciled,Manually added,"1,716,684.77"
07/27/2022,,Deposit,Morgan Mutual Insurance,Anthony Clark,BI Settlement Check from Insurance Company,,"74,896.66",Reconciled,Manually added,"1,791,581.43"
07/11/2022,1202,Check,Jeffrey Tucker,Jackson Company,Settlement to Client,"9,201.97",,Reconciled,Manually added,"1,782,379.46"
07/11/2022,1201,Check,Robert Price,Lopez Corporation,Settlement to Client,"10,107.47",,Reconciled,Manually added,"1,772,271.99"
06/30/2022,1200,Check,Joshua Thompson,Stephen Morales,Settlement to Client,"6,173.28",,Reconciled,Manually added,"1,766,098.71"
06/29/2022,1199,Check,Thomas Taylor,Emma Boyd,Settlement to Client,"5,726.98",,Reconciled,Manually added,"1,760,371.73"
06/28/2022,,Deposit,Amy Parker,Emma Boyd,Settlement Check BI,,"12,926.89",Reconciled,Manually added,"1,773,298.62"
06/28/2022,,Deposit,Amy Parker,Stephen Morales,Settlement Check,,"19,330.12",Reconciled,Manually added,"1,792,628.74"
06/28/2022,,Deposit,Amy Parker,Mary Ross,Settlement Check,,"18,319.97",Reconciled,Manually added,"1,810,948.71"
06/14/2022,1198,Check,"Perez, Thompson & Associates",Jeffrey Green,CJ Reimbursement,15.48,,Reconciled,Manually added,"1,810,933.23"
06/14/2022,1197,Check,"Perez, Thompson & Associates",Jeffrey Green,Lawyer Fee,"3,875.32",,Reconciled,Manually added,"1,807,057.91"
06/14/2022,1196,Check,"Perez, Thompson & Associates",Jack Chavez,CJ Reimbursement,7.28,,Reconciled,Manually added,"1,807,050.63"
06/14/2022,1195,Check,"Perez, Thompson & Associates",Jack Chavez,Lawyer Fee,"4,478.45",,Reconciled,Manually added,"1,802,572.18"
06/14/2022,1194,Check,"Perez, Thompson & Associates",Paul Clark,CJ Reimbursement,6.42,,Reconciled,Manually added,"1,802,565.76"
06/14/2022,1193,Check,"Perez, Thompson & Associates",Paul Clark,Lawyer Fee,"31,041.48",,Reconciled,Manually added,"1,771,524.28"
06/14/2022,1192,Check,"Perez, Thompson & Associates",Jonathan Snyder,CJ Reimbursement,13.73,,Reconciled,Manually added,"1,771,510.55"
06/14/2022,1191,Check,"Perez, Thompson & Associates",Jonathan Snyder,Lawyer Fee,"36,463.86",,Reconciled,Manually added,"1,735,046.69"
06/14/2022,1190,Check,"Perez, Thompson & Associates",Linda Russell,CJ Reimbursement,14.35,,Reconciled,Manually added,"1,735,032.34"
06/14/2022,1189,Check,"Perez, Thompson & Associates",Linda Russell,Lawyer Fee,"4,828.96",,Reconciled,Manually added,"1,730,203.38"
06/13/2022,1178,Check,Jason Diaz,Jonathan Snyder,Settlement to Client,"71,064.33",,Reconciled,Manually added,"1,659,139.05"
06/13/2022,1177,Check,Ashley Graham,Paul Clark,Settlement to Client,"42,841.74",,Reconciled,Manually added,"1,616,297.31"
06/13/2022,1174,Check,Alexander Ruiz,Jack Chavez,Settlement to Client,"8,338.43",,Reconciled,Manually added,"1,607,958.88"
06/10/2022,1176,Check,John Castillo,Linda Russell,Settlement to Client,"9,752.34",,Reconciled,Manually added,"1,598,206.54"
06/10/2022,1175,Check,George McDonald,Jeffrey Green,Settlement to Client,"9,517.75",,Reconciled,Manually added,"1,588,688.79"
06/09/2022,,Deposit,Stephen Diaz,Jonathan Snyder,Settlement Check,,"137,339.25",Reconciled,Manually added,"1,726,028.04"
06/03/2022,,Deposit,Jonathan Evans,Jack Chavez,Settlement Check,,"15,282.27",Reconciled,Manually added,"1,741,310.31"
06/03/2022,,Deposit,Thompson Insurance Group,Linda Russell,Settlement Check,,"12,343.98",Reconciled,Manually added,"1,753,654.29"
06/03/2022,,Deposit,Christopher Henderson,Jeffrey Green,Settlement Check,,"21,301.93",Reconciled,Manually added,"1,774,956.22"
05/12/2022,,Deposit,Richardson Insurance Group,Paul Clark,Settlement Check,,"104,727.94",Reconciled,Manually added,"1,879,684.16"
05/12/2022,,Deposit,Amy Parker,Jessica Fisher,Settlement Check,,"10,562.72",Reconciled,Manually added,"1,890,246.88"
04/22/2022,1166,Check,Thomas Sullivan,Matthew Harris,Settlement to Client,"8,855.58",,Reconciled,Manually added,"1,881,391.30"
04/20/2022,1172,Check,"Perez, Thompson & Associates",Ashley White,Charles Jones Reimbursement,14.18,,Reconciled,Manually added,"1,881,377.12"
04/20/2022,1171,Check,"Perez, Thompson & Associates",Ashley White,Lawyer Fee,"4,335.78",,Reconciled,Manually added,"1,877,041.34"
04/20/2022,1170,Check,"Perez, Thompson & Associates",Matthew Harris,CJ Reimbursement,7.23,,Reconciled,Manually added,"1,877,034.11"
04/20/2022,1169,Check,"Perez, Thompson & Associates",Matthew Harris,Lawyer Fee,"6,478.85",,Reconciled,Manually added,"1,870,555.26"
04/20/2022,1168,Check,"Perez, Thompson & Associates",Kenneth Harris,CJ Reimbursement,9.84,,Reconciled,Manually added,"1,870,545.42"
04/20/2022,1167,Check,"Perez, Thompson & Associates",Kenneth Harris,Lawyer Fee,"6,328.93",,Reconciled,Manually added,"1,864,216.49"
04/15/2022,,Deposit,Johnson Insurance Group,Matthew Harris,Settlement Check,,"16,417.54",Reconciled,Manually added,"1,880,634.03"
04/13/2022,1164,Check,Michael Perry,Ashley White,Settlement to Client,"14,271.47",,Reconciled,Manually added,"1,866,362.56"
04/06/2022,1165,Check,Janet Weaver,Kenneth Harris,Settlement to Client,"6,529.52",,Reconciled,Manually added,"1,859,833.04"
04/05/2022,,Deposit,Amy Parker,Lopez Corporation,Settlement Check,,"15,215.57",Reconciled,Manually added,"1,875,048.61"
04/05/2022,,Deposit,Amy Parker,Jackson Company,Settlement Check,,"15,416.33",Reconciled,Manually added,"1,890,464.94"
04/05/2022,,Deposit,Amy Parker,Kenneth Harris,Settlement Check,,"10,170.81",Reconciled,Manually added,"1,900,635.75"
03/24/2022,1163,Check,"Perez, Thompson & Associates",Timothy Harrison,Charles Jones Reimbursement,11.86,,Reconciled,Manually added,"1,900,623.89"
03/24/2022,1162,Check,"Perez, Thompson & Associates",Christine Cox,Charles Jones Reimbursement,8.50,,Reconciled,Manually added,"1,900,615.39"
03/24/2022,1161,Check,"Perez, Thompson & Associates",Christine Cox,Lawyer,"3,782.66",,Reconciled,Manually added,"1,896,832.73"
03/24/2022,,Deposit,Christopher Henderson,Ashley White,Settlement Check,,"13,680.46",Reconciled,Manually added,"1,910,513.19"
03/21/2022,1160,Check,Sandra Cole,Christine Cox,Settlement to Client,"12,424.99",,Reconciled,Manually added,"1,898,088.20"
03/18/2022,1159,Check,Susan Garcia,Timothy Harrison,Settlement to Client,"8,280.69",,Reconciled,Manually added,"1,889,807.51"
03/09/2022,,Deposit,Jonathan Evans,Christine Cox,Settlement Check,,"23,029.24",Reconciled,Manually added,"1,912,836.75"
03/03/2022,1158,Check,Patricia Grant,Dorothy Nguyen,Settlement to Client,"5,607.30",,Reconciled,Manually added,"1,907,229.45"
03/02/2022,1157,Check,Nicole Cooper,Deborah Kennedy,Settlement to Client,"9,371.37",,Reconciled,Manually added,"1,897,858.08"
03/02/2022,1015,Check,"Perez, Thompson & Associates",Thomas Rodriguez,Charles Jones Reimbursement,15.55,,Reconciled,Manually added,"1,897,842.53"
03/02/2022,1014,Check,"Perez, Thompson & Associates",Thomas Rodriguez,Lawyer Fee,"7,432.41",,Reconciled,Manually added,"1,890,410.12"
03/02/2022,1013,Check,"Perez, Thompson & Associates",Lisa Davis,Charles Jones Reimbursement,7.66,,Reconciled,Manually added,"1,890,402.46"
03/02/2022,1012,Check,"Perez, Thompson & Associates",Lisa Davis,Lawyer Fee,"12,761.78",,Reconciled,Manually added,"1,877,640.68"
02/28/2022,1011,Check,Rachel Garza,Deborah Kennedy,MRI Medical Bills - Rachel Garza,459.09,,Reconciled,Manually added,"1,877,181.59"
02/28/2022,1010,Check,Sharon Flores,Deborah Kennedy,Medical Bills - Spine and Rehabilitation Center of West New York,417.61,,Reconciled,Manually added,"1,876,763.98"
02/10/2022,1155,Check,Deborah Adams,Lisa Davis,Settlement to Client,"23,005.17",,Reconciled,Manually added,"1,853,758.81"
02/08/2022,1156,Check,Kenneth Herrera,Thomas Rodriguez,Settlement to Client,"27,173.15",,Reconciled,Manually added,"1,826,585.66"
01/31/2022,,Deposit,Jonathan Evans,Thomas Rodriguez,Settlement Check,,"41,349.30",Reconciled,Manually added,"1,867,934.96"
01/12/2022,,Deposit,Alvarez Corporation,Lisa Davis,Settlement Check,,"37,065.13",Reconciled,Manually added,"1,905,000.09"
01/04/2022,1009,Check,"Perez, Thompson & Associates",Jennifer Jenkins,CJ Reimbursement,13.74,,Reconciled,Manually added,"1,904,986.35"
01/04/2022,1008,Check,"Perez, Thompson & Associates",Timothy Harrison,Lawyer Fee,"4,683.13",,Reconciled,Manually added,"1,900,303.22"
12/23/2021,1153,Check,Rachel Stone,Jennifer Jenkins,Settlement to Client Remaining,"10,645.13",,Reconciled,Manually added,"1,889,658.09"
12/02/2021,,Deposit,Anthony Romero,Timothy Harrison,Settlement Check,,"13,836.43",Reconciled,Manually added,"1,903,494.52"
10/26/2021,1007,Check,"Perez, Thompson & Associates",Deborah Kennedy,Charles Jones Reimbursement,14.56,,Reconciled,Manually added,"1,903,479.96"
10/26/2021,1006,Check,"Perez, Thompson & Associates",Deborah Kennedy,Lawyer Fee,"5,013.71",,Reconciled,Manually added,"1,898,466.25"
10/26/2021,1005,Check,"Perez, Thompson & Associates",Dorothy Nguyen,Costs and Expenses - Filing Fee and CJ Reimbursement,370.52,,Reconciled,Manually added,"1,898,095.73"
10/26/2021,1004,Check,"Perez, Thompson & Associates",Dorothy Nguyen,Lawyer Fee,"3,821.90",,Reconciled,Manually added,"1,894,273.83"
10/19/2021,,Deposit,Stephen Diaz,Dorothy Nguyen,Settlement Check,,"23,396.12",Reconciled,Manually added,"1,917,669.95"
10/18/2021,,Deposit,Jonathan Evans,Deborah Kennedy,Settlement Check,,"17,747.63",Reconciled,Manually added,"1,935,417.58"
10/05/2021,1003,Check,"Perez, Thompson & Associates",Jennifer Jenkins,Lawyer Fee,"10,419.98",,Reconciled,Manually added,"1,924,997.60"
10/01/2021,1152,Check,Rachel Stone,Jennifer Jenkins,Settlement to Client,"11,855.32",,Reconciled,Manually added,"1,913,142.28"
09/23/2021,,Deposit,Amy Parker,Jennifer Jenkins,Settlement Check,,"18,299.24",Reconciled,Manually added,"1,931,441.52"
09/02/2021,1002,Check,"Perez, Thompson & Associates",Sarah Johnson,Lawyer Fee,"2,294.87",,Reconciled,Manually added,"1,929,146.65"
09/01/2021,1001,Check,Helen Simpson,Sarah Johnson,Settlement to Client,"7,287.97",,Reconciled,Manually added,"1,921,858.68"
08/27/2021,,Deposit,Amy Parker,Sarah Johnson,Settlement Check,,"6,441.17",Reconciled,Manually added,"1,928,299.85"
